%% This BibTeX bibliography file was created using BibDesk.
%% http://bibdesk.sourceforge.net/


%% Created for Michael Frank at 2015-04-16 11:30:39 -0700 


%% Saved with string encoding Unicode (UTF-8) 


@preamble{"\newcommand{\SortNoop}[1]{}"}


@article{Sauerland:2012,
	Author = {Sauerland, Uli},
	Journal = {Language and Linguistics Compass.},
	Number = {1},
	Pages = {36--49},
	Title = {The Computation of Scalar Implicatures: Pragmatic, Lexical or Grammatical?},
	Volume = {6},
	Year = {2012}}

@incollection{Sauerland:2014,
	Author = {Sauerland, Uli},
	Booktitle = {Pragmatics, Semantics and the Case of Scalar Implicatures},
	Crossref = {Pistoia-Reda:2014},
	Pages = {72--98},
	Publisher = {Palgrave MacMillan},
	Title = {Intermediate Scalar Implicatures}}

@incollection{sep-grice,
	Author = {Grandy, Richard E. and Warner, Richard},
	Booktitle = {The Stanford Encyclopedia of Philosophy},
	Edition = {Spring 2014},
	Editor = {Zalta, Edward N.},
	Title = {Paul Grice},
	Year = {2014}}

@article{Grice68,
	Author = {Grice, H.~Paul},
	Journal = {Foundations of Language},
	Number = {3},
	Pages = {225--242},
	Title = {Utterer's Meaning, Sentence Meaning, and Word-Meaning},
	Volume = {4},
	Year = {1968}}

@book{Glucksberg:2001,
	Author = {Glucksberg, Sam},
	Publisher = {Oxford University Press},
	Title = {Understanding Figurative Language: From Metaphors to Idioms},
	Year = {2001}}

@incollection{Wilson:Carston:2007,
	Address = {Basingstoke and New York},
	Author = {Wilson, Dierdre  and  Carston, Robyn},
	Booktitle = {Pragmatics},
	Editor = {Burton-Roberts, Noel},
	Pages = {230--259},
	Publisher = {Palgrave Macmillan},
	Title = {A Unitary Approach to Lexical Pragmatics: Relevance, Inference and Ad Hoc Concepts},
	Year = {2007}}

@article{Lascarides:Copestake:1998,
	Author = {Lascarides, Alex  and  Copestake, Ann},
	Journal = {Journal of Linguistics},
	Number = {2},
	Pages = {387--414},
	Title = {Pragmatics and Word Meaning},
	Volume = {34},
	Year = {1998}}

@book{levelt1993,
	Author = {Levelt, Willem JM},
	Publisher = {MIT press},
	Title = {Speaking: From intention to articulation},
	Volume = {1},
	Year = {1993}}

@article{dale1995,
	Author = {Dale, Robert and Reiter, Ehud},
	Journal = {Cognitive Science},
	Number = {2},
	Pages = {233--263},
	Publisher = {Psychology Press},
	Title = {Computational interpretations of the Gricean maxims in the generation of referring expressions},
	Volume = {19},
	Year = {1995}}

@article{van-deemter2012,
	Author = {{\SortNoop{Deemter}}van Deemter, Kees and Gatt, Albert and van Gompel, Roger P.G.\ and Krahmer, Emiel},
	Journal = {Topics in Cognitive Science},
	Number = {2},
	Pages = {166--183},
	Publisher = {Wiley Online Library},
	Title = {Toward a Computational Psycholinguistics of Reference Production},
	Volume = {4},
	Year = {2012}}

@article{engelhardt2006,
	Author = {Engelhardt, Paul E. and Bailey, Karl G.D.\ and Ferreira, Fernanda},
	Journal = {Journal of Memory and Language},
	Number = {4},
	Pages = {554--573},
	Publisher = {Elsevier},
	Title = {Do Speakers and Listeners Observe the {G}ricean Maxim of Quantity?},
	Volume = {54},
	Year = {2006}}

@article{pechmann1989,
	Author = {Pechmann, Thomas},
	Journal = {Linguistics},
	Number = {1},
	Pages = {89--110},
	Title = {Incremental speech production and referential overspecification},
	Volume = {27},
	Year = {1989}}

@inproceedings{gatt2013,
	Author = {Gatt, Albert and van Gompel, Roger P.G.\ and van Deemter, Kees and Krahmer, Emiel},
	Booktitle = {Proceedings of the Workshop on Production of Referring Expressions: Bridging the Gap between Cognitive and Computational Approaches to Reference},
	Title = {Are we {B}ayesian Referring Expression Generators?},
	Address = {Berlin},
	Year = {2013}}
	
@article{McMahan:Stone:2015,
	Author = {McMahan, Brian and Stone, Matthew},
	Journal = {Transactions of the Association for Computational Linguistics},
	Pages = {103--115},
	Title = {A {B}ayesian Model of Grounded Color Semantics},
	Volume = {3},
	Year = {2015}}


@article{bonawitz2014,
	Author = {Bonawitz, Elizabeth and Denison, Stephanie and Gopnik, Alison and Griffiths, Thomas L},
	Journal = {Cognitive Psychology},
	Pages = {35--65},
	Publisher = {Elsevier},
	Title = {Win-Stay, Lose-Sample: A Simple Sequential Algorithm for Approximating {B}ayesian inference},
	Volume = {74},
	Year = {2014}}

@article{sanborn2010,
	Author = {Sanborn, Adam N. and Griffiths, Thomas L. and Navarro, Daniel J.},
	Journal = {Psychological Review},
	Number = {4},
	Pages = {1144--1167},
	Publisher = {American Psychological Association},
	Title = {Rational approximations to rational models: alternative algorithms for category learning.},
	Volume = {117},
	Year = {2010}}

@article{griffiths2014,
	Author = {Griffiths, Thomas L and Lieder, Falk and Goodman, Noah D and Griffiths, Tom},
	Journal = {Topics in Cognitive Science},
	Title = {Rational use of cognitive resources: Levels of analysis between the computational and the algorithmic},
	Year = {To appear}}

@article{vul2014,
	Author = {Vul, Edward and Goodman, Noah and Griffiths, Thomas L and Tenenbaum, Joshua B},
	Journal = {Cognitive Science},
	Number = {4},
	Pages = {599--637},
	Publisher = {Wiley Online Library},
	Title = {One and Done? {O}ptimal Decisions from Very Few Samples},
	Volume = {38},
	Year = {2014}}

@book{marr1982,
	Address = {San Francisco},
	Author = {Marr, David},
	Publisher = {WH Freeman and Company},
	Title = {Vision: A Computational Investigation into the Human Representation and Processing of Visual Information},
	Year = {1982}}

@article{vanTiel:2014,
	Author = {{\SortNoop{Tiel}}van Tiel, Bob},
	Journal = {Journal of Semantics},
	Number = {2},
	Pages = {147--177},
	Title = {Embedded Scalars and Typicality},
	Volume = {31},
	Year = {2014}}

@article{Ippolito:2010,
	Author = {Ippolito, Michela},
	Journal = {Semantics and Pragmatics},
	Number = {5},
	Pages = {1--15},
	Title = {Embedded Implicatures? {R}emarks on the Debate Between Globalist and Localist Theories},
	Volume = {3},
	Year = {2010}}

@article{Sauerland:2010,
	Author = {Sauerland, Uli},
	Journal = {Semantics and Pragmatics},
	Number = {2},
	Pages = {1--13},
	Title = {Embedded Implicatures and Experimental Constraints: A Reply to {G}eurts \& {P}ouscoulous and {C}hemla},
	Volume = {3},
	Year = {2010}}

@article{Hurford:1974,
	Author = {Hurford, James R.},
	Journal = {Foundations of Language},
	Number = {3},
	Pages = {409--411},
	Title = {Exclusive or Inclusive Disjunction},
	Volume = {11},
	Year = {1974}}

@inproceedings{Vogel-etal:2014,
	Address = {Wheat Ridge, CO},
	Author = {Vogel, Adam and G{\'o}mez Emilsson, Andr{\'e}s and Frank, Michael C. and Jurafsky, Dan and Potts, Christopher},
	Booktitle = {Proceedings of the 36th Annual Meeting of the {C}ognitive {S}cience {S}ociety},
	Location = {Quebec City},
	Month = {July},
	Pages = {3055--3060},
	Publisher = {Cognitive Science Society},
	Title = {Learning to Reason Pragmatically with Cognitive Limitations},
	Year = {2014}}

@inproceedings{Potts:Levy:2015,
	Address = {Berkeley, CA},
	Author = {Potts, Christopher and Levy, Roger},
	Booktitle = {Proceedings of the 41st Annual Meeting of the {B}erkeley {L}inguistics {S}ociety},
	Location = {Berkeley, CA},
	Month = {February},
	Publisher = {BLS},
	Title = {Negotiating Lexical Uncertainty and Speaker Expertise with Disjunction},
	Year = {2015}}

@unpublished{Chemla-HurfordCounts,
	Author = {Chemla, Emmanuel},
	Note = {Ms. CNRS, ENS, LSCP Paris},
	Title = {Apparent {H}urford Constraint Obviations are Based on Scalar Implicatures: An Argument Based on Frequency Counts},
	Year = {2013}}

@incollection{Giles:Coupland:Coupland:1991,
	Author = {Giles, Howard and Coupland, Nikolas and Coupland, Justine},
	Booktitle = {Contexts of Accommodation},
	Editor = {Giles, Howard and Coupland, Nikolas and Coupland, Justine},
	Publisher = {Cambridge University Press},
	Address = {Cambridge},
	Pages = {1--68},
	Title = {Accommodation theory: Communication, Context, and Consequence},
	Year = {1991}}

@phdthesis{Russell:2012,
	Address = {Providence, RI},
	Author = {Russell, Benjamin},
	School = {Brown University},
	Title = {Probabilistic Reasoning and the Computation of Scalar Implicatures},
	Year = {2012}}

@incollection{Jaeger:Franke:2014,
	Address = {Houndmills, Basingstoke, Hampshire},
	Author = {{\SortNoop{Jager}}J{\"a}ger, Gerhard and Franke, Michael},
	Booktitle = {Pragmatics, Semantics and the Case of Scalar Implicature},
	Editor = {Reda, Salvatore Pistoia},
	Pages = {170--200},
	Publisher = {Palgrave Macmillan},
	Title = {Pragmatic Back-and-Forth Reasoning},
	Year = {2014}}

@book{Geurts:2011,
	Author = {Geurts, Bart},
	Publisher = {Cambridge University Press},
        Address = {Cambridge},
	Title = {Quantity Implicatures},
	Year = {2011}}

@incollection{Bach06,
	Address = {Amsterdam},
	Author = {Bach, Kent},
	Booktitle = {Drawing the Boundaries of Meaning: {N}eo-{G}ricean Studies in Pragmatics and Semantics in Honor of {L}aurence {R.~H}orn},
	Crossref = {BirnerWard06},
	Editor = {Betty Birner and Gregory Ward},
	Pages = {21--30},
	Publisher = {John Benjamins},
	Title = {The Top 10 Misconceptions about Implicature},
	Year = {2006}}

@incollection{SperberWilson04,
	Author = {Sperber, Dan and Wilson, Dierdre},
	Booktitle = {Handbook of Pragmatics},
	Crossref = {HornWard04},
	Pages = {607--632},
	Title = {Relevance Theory}}

@article{Noveck00,
	Author = {Noveck, Ira A},
	Journal = {Cognition},
	Number = {2},
	Pages = {165--188},
	Publisher = {Elsevier},
	Title = {When children are more logical than adults: Experimental investigations of scalar implicature},
	Volume = {78},
	Year = {2000}}

@article{Goodman:Stuhlmuller:2013,
	Author = {Goodman, Noah D. and Stuhlm{\"u}ller, Andreas},
	Journal = {Topics in Cognitive Science},
	Number = {1},
	Pages = {173--184},
	Title = {Knowledge and Implicature: Modeling Language Understanding as Social Cognition},
	Volume = {5},
	Year = {2013}}

@article{Grodner-etal:2010,
	Author = {Grodner, Daniel J. and Klein, Natalie M. and Carbary, Kathleen M. and Tanenhaus, Michael K.},
	Journal = {Cognition},
	Number = {1},
	Pages = {42--55},
	Title = {``{S}ome,'' and Possibly All, Scalar Inferences are not Delayed: Evidence for Immediate Pragmatic Enrichment},
	Volume = {116},
	Year = {2010}}
	
@inproceedings{Kao2014,
	Address = {Wheat Ridge, CO},
	Author = {Kao, Justine T. and Bergen, Leon and Goodman, Noah D.},
	Booktitle = {Proceedings of the 36th Annual Meeting of the {C}ognitive {S}cience {S}ociety},
	Month = {July},
	Pages = {719--724},
	Publisher = {Cognitive Science Society},
	Title = {Formalizing the Pragmatics of Metaphor Understanding},
	Year = {2014}}
	
@inproceedings{Hendriks-etal:2009,
	Address = {Houndmills, Basingstoke, Hampshire},
	Author = {Hendriks, Petra and Hoeks, John and de Hoop, Helen and Krammer, Irene and Smits, Erik-Jan and Spenader, Jennifer and de Swart, Henriette},
	Booktitle = {Semantics and Pragmatics: From Experiment to Theory},
	Editor = {Sauerland, Uli and Yatsushiro, Kazuko},
	Pages = {30--50},
	Publisher = {Palgrave Macmillan},
	Title = {A Large-Scale Investigation of Scalar Implicature},
	Year = {2009}}

@article{Paris:1973,
	Author = {Paris, Scott G.},
	Journal = {Journal of Experimental Child Psychology},
	Number = {2},
	Pages = {278--291},
	Title = {Comprehension of Language Connectives and Propositional Logical Relationships},
	Volume = {16},
	Year = {1973}}

@article{Clifton:Dube:2010,
	Author = {Clifton, Charles Jr. and Dube, Chad},
	Journal = {Semantics and Pragmatics},
	Number = {7},
	Pages = {1--13},
	Title = {Embedded Implicatures Observed: A Comment on {G}eurts and {P}ouscoulous (2009)},
	Volume = {3},
	Year = {2010}}

@book{Sutton:Barto:1998,
	Address = {Cambridge, MA},
	Author = {Sutton, Richard S. and Barto, Andrew G.},
	Publisher = {MIT Press},
	Title = {Reinforcement Learning: An Introduction},
	Year = {1998}}

@article{Degen:Tanenhaus:2014,
	Author = {Degen, Judith and Tanenhaus, Michael K.},
	Journal = {Cognitive Science},
	Month = {May},
	Number = {4},
	Pages = {667--710},
	Title = {Processing Scalar Implicature: A Constraint-Based Approach},
	Volume = {39},
	Year = {2015}}

@inproceedings{Spector:2007:SCALAR,
	Author = {Spector, Benjamin},
	Crossref = {Aloni:Dekker:Butler:2007},
	Pages = {225--249},
	Title = {Scalar Implicatures: Exhaustivity and {G}ricean Reasoning}}

@article{CamererHo:2004,
	Author = {Camerer, Colin F. and Ho, Teck-Hua and Chong, Juin-Kuan},
	Journal = {The Quarterly Journal of Economics},
	Month = {August},
	Number = {3},
	Pages = {861--898},
	Title = {A Cognitive Hierarchy Model of Games},
	Volume = {119},
	Year = {2004}}

@article{Baker70,
	Author = {Baker, C.~L.},
	Journal = {Linguistic Inquiry},
	Number = {2},
	Pages = {169--186},
	Title = {Double Negatives},
	Volume = {1},
	Year = {1970}}

@article{Israel96,
	Author = {Israel, Michael},
	Journal = {Linguistics and Philosophy},
	Number = {6},
	Pages = {619--666},
	Title = {Polarity Sensitivity as Lexical Semantics},
	Volume = {19},
	Year = {1996}}

@article{Blutner98,
	Author = {Blutner, Reinhard},
	Journal = {Journal of Semantics},
	Number = {2},
	Pages = {115--162},
	Title = {Lexical Pragmatics},
	Volume = {15},
	Year = {1998}}

@incollection{McCawley78,
	Address = {New York},
	Author = {McCawley, James D.},
	Booktitle = {Syntax and Semantics},
	Editor = {Cole, Peter},
	Pages = {245--259},
	Publisher = {Academic Press},
	Title = {Conversational Implicature and the Lexicon},
	Volume = {7: Pragmatics},
	Year = {1978}}

@book{Levinson00,
	Address = {Cambridge, MA},
	Author = {Levinson, Stephen C.},
	Publisher = {MIT Press},
	Title = {Presumptive Meanings: The Theory of Generalized Conversational Implicature},
	Year = {2000}}

@incollection{Horn84,
	Address = {Washington, D.C.},
	Author = {Horn, Laurence R.},
	Booktitle = {Meaning, Form, and Use in Context: {L}inguistic Applications},
	Editor = {Deborah Schiffrin},
	Pages = {11--42},
	Publisher = {Georgetown University Press},
	Title = {Toward a New Taxonomy for Pragmatic Inference: {Q}-based and {R}-based Implicature},
	Year = {1984}}

@inproceedings{Stiller:Goodman:Frank:2011,
	Address = {Austin, TX},
	Author = {Stiller, Alex and Goodman, Noah D. and Frank, Michael C.},
	Booktitle = {Proceedings of the 33rd Annual Meeting of the {C}ognitive {S}cience {S}ociety},
	Editor = {Carlson, Laura and Hoelscher, Christoph and Shipley, Thomas F.},
	Month = {July},
	Pages = {2134--2139},
	Publisher = {Cognitive Science Society},
	Title = {Ad-hoc Scalar Implicature in Adults and Children},
	Year = {2011}}

@article{Frank:Goodman:2012,
	Author = {Frank, Michael C. and Goodman, Noah D.},
	Journal = {Science},
	Number = {6084},
	Pages = {998},
	Title = {Predicting Pragmatic Reasoning in Language Games},
	Volume = {336},
	Year = {2012}}

@incollection{Goodman:Lassiter:2013,
	Address = {Oxford},
	Author = {Goodman, Noah D. and Lassiter, Daniel},
	Booktitle = {The Handbook of Contemporary Semantic Theory},
	Edition = {2},
	Editor = {Lappin, Shalom and Fox, Chris},
	Publisher = {Wiley-Blackwell},
	Title = {Probabilistic Semantics and Pragmatics: Uncertainty in Language and Thought},
	Year = {2015}}

@article{Clark97,
	Author = {Clark, Herbert H.},
	Journal = {Discourse Processes},
	Number = {3},
	Pages = {567--59},
	Title = {Dogmas of Understanding},
	Volume = {23},
	Year = {1997}}

@article{clark-clark79,
	Author = {Clark, Eve V. and Clark, Herbert H.},
	Journal = {Language},
	Pages = {767--811},
	Title = {When nouns surface as verbs},
	Year = {1979}}

@book{Muskens95,
	Address = {Stanford, CA},
	Author = {Muskens, Reinhard},
	Publisher = {CSLI/FoLLI},
	Title = {Meaning and Partiality},
	Year = {1995}}

@book{Lewis69,
	Address = {Cambridge, MA},
	Author = {Lewis, David},
	Publisher = {Harvard University Press},
	Title = {Convention},
	Year = {1969}}

@article{Lewis70GS,
	Author = {Lewis, David},
	Journal = {Synthese},
	Number = {1},
	Pages = {18--67},
	Title = {General Semantics},
	Volume = {22},
	Year = {1970}}

@incollection{Jaeger:2011,
	Author = {{\SortNoop{Jager}}J{\"a}ger, Gerhard},
	Crossref = {Maienborn:vonHeusinger:Portner:2012},
	Pages = {2487--2425},
	Title = {Game Theory in Semantics and Pragmatics}}

@incollection{Jaeger:2007,
	Address = {Amsterdam},
	Author = {{\SortNoop{Jager}}J{\"a}ger, Gerhard},
	Booktitle = {Game Theory and Linguistic Meaning},
	Editor = {Pietarinen, Ahti-Veikko},
	Pages = {89--102},
	Publisher = {Elsevier},
	Title = {Game Dynamics Connects Semantics and Pragmatics},
	Year = {2007}}

@book{Franke09DISS,
	Author = {Franke, Michael},
	Publisher = {Institute for Logic, Language and Computation, University of Amsterdam},
	Series = {ILLC Dissertation Series},
	Title = {Signal to Act: Game Theory in Pragmatics},
	Year = {2009}}

@article{chierchia2006broaden,
	Author = {Chierchia, Gennaro},
	Journal = {Linguistic Inquiry},
	Number = {4},
	Pages = {535--590},
	Publisher = {MIT Press},
	Title = {Broaden your views: Implicatures of domain widening and the ``logicality'' of language},
	Volume = {37},
	Year = {2006}}

@incollection{Chierchia01,
	Address = {New York},
	Author = {Chierchia, Gennaro},
	Booktitle = {Structures and Beyond: The Cartography of Syntactic Structures},
	Editor = {Belletti, Adriana},
	Pages = {39--103},
	Publisher = {Oxford University Press},
	Title = {Scalar Implicatures, Polarity Phenomena, and the Syntax/Pragmatics Interface},
	Volume = {3},
	Year = {2004}}

@article{Geurts:Pouscoulous:2009,
	Author = {Geurts, Bart and Pouscoulous, Nausicaa},
	Journal = {Semantics and Pragmatics},
	Number = {4},
	Pages = {1--34},
	Title = {Embedded implicatures?!?},
	Volume = {2},
	Year = {2009}}

@phdthesis{Horn72,
	Address = {Los Angeles},
	Author = {Horn, Laurence R},
	School = {UCLA},
	Title = {On the Semantic Properties of Logical Operators in {E}nglish},
	Year = {1972}}

@incollection{Gazdar79a,
	Author = {Gerald Gazdar},
	Booktitle = {Syntax and Semantics},
	Crossref = {Oh79},
	Pages = {57--89},
	Title = {A Solution to the Projection Problem}}

@book{Gazdar79b,
	Address = {New York},
	Author = {Gerald Gazdar},
	Publisher = {Academic Press},
	Title = {Pragmatics: Implicature, Presupposition and Logical Form},
	Year = {1979}}

@book{Sperber95,
	Address = {Oxford},
	Author = {Sperber, Dan and Deirdre Wilson},
	Edition = {2},
	Publisher = {Blackwell},
	Title = {Relevance: Communication and Cognition},
	Year = {1995}}

@article{geurts-vantiel:2013:scalar,
	Author = {Bart Geurts and van Tiel, Bob},
	Journal = {Semantics and Pragmatics},
	Month = {October},
	Number = {9},
	Pages = {1--37},
	Title = {Embedded Scalars},
	Volume = {6},
	Year = {2013}}

@article{Bach94,
	Author = {Bach, Kent},
	Journal = {Mind and Language},
	Number = {2},
	Pages = {124--162},
	Title = {Conversational Impliciture},
	Volume = {9},
	Year = {1994}}

@incollection{Fox:2009,
	Address = {Ithaca, NY},
	Author = {Fox, Danny},
	Booktitle = {{P}roceedings of {S}emantics and {L}inguistic {T}heory 17},
	Editor = {Friedman, Tova and Gibson, Edward},
	Pages = {89--111},
	Publisher = {Cornell University},
	Title = {Too Many Alternatives: Density, Symmetry, and Other Predicaments},
	Year = {2009}}

@incollection{Grice75,
	Address = {New York},
	Author = {Grice, H.~Paul},
	Booktitle = {Syntax and Semantics},
	Editor = {Peter Cole and Jerry Morgan},
	Pages = {43--58},
	Publisher = {Academic Press},
	Title = {Logic and Conversation},
	Volume = {3: Speech Acts},
	Year = {1975}}

@article{grice57,
	Author = {Grice, H Paul},
	Journal = {The {P}hilosophical {R}eview},
	Pages = {377--388},
	Title = {Meaning},
	Year = {1957}}

@incollection{Fox:2007,
	Author = {Fox, Danny},
	Crossref = {Sauerland:Stateva:2007},
	Pages = {71--120},
	Title = {Free Choice Disjunction and the Theory of Scalar Implicatures}}

@article{Russell06,
	Author = {Russell, Benjamin},
	Journal = {Journal of Semantics},
	Number = {4},
	Pages = {361--382},
	Title = {Against Grammatical Computation of Scalar Implicatures},
	Volume = {23},
	Year = {2006}}

@inproceedings{Bergen:Goodman:Levy:2012,
	Address = {Austin, TX},
	Author = {Bergen, Leon and Goodman, Noah D. and Levy, Roger},
	Booktitle = {Proceedings of the 34th Annual Meeting of the {C}ognitive {S}cience {S}ociety},
	Editor = {Miyake, Naomi and Peebles, David and Cooper, Richard P.},
	Location = {Sapporo, Japan},
	Pages = {120--125},
	Publisher = {Cognitive Science Society},
	Title = {That's What She (Could Have) Said: How Alternative Utterances Affect Language Use},
	Year = {2012}}

@unpublished{Gajewski:2012,
	Author = {Gajewski, Jon},
	Note = {Ms., UConn},
	Title = {Innocent Exclusion is not Contradiction Free},
	Year = {2012}}

@incollection{deJagerVanRooij07,
	Address = {New York},
	Author = {{\SortNoop{Jager}}de Jager, Tikitu and Robert van Rooij},
	Booktitle = {Proceedings of the 11th Conference on Theoretical Aspects of Rationality and Knowledge},
	Pages = {193--202},
	Publisher = {ACM Digital Library},
	Title = {Explaining Quantity Implicatures},
	Year = {2007}}

@book{BeaverClark08,
	Address = {Oxford},
	Author = {Beaver, David I. and Brady Zack Clark},
	Publisher = {Wiley-Blackwell},
	Title = {Sense and Sensitivity: How Focus Determines Meaning},
	Year = {2008}}

@article{JohnMcCarthy80,
	Author = {McCarthy, John},
	Journal = {Artificial Intelligence},
	Number = {1},
	Pages = {27--39},
	Title = {Circumscription --- A Form of Non-Monotonic Reasoning},
	Volume = {13},
	Year = {1980}}

@article{Alonso-Ovalle:2008,
	Author = {Alonso-Ovalle, Luis},
	Journal = {Natural Language Semantics},
	Number = {2},
	Pages = {115--128},
	Title = {Innocent Exclusion in an Alternative Semantics},
	Volume = {16},
	Year = {2008}}

@article{Kao-etal:2014,
	Author = {Kao, Justine T. and Wu, Jean Y. and Bergen, Leon and Goodman, Noah D.},
	Journal = {Proceedings of the National Academy of Sciences},
	Month = {August},
	Number = {33},
	Pages = {12002--12007},
	Title = {Nonliteral Understanding of Number Words},
	Volume = {111},
	Year = {2014}}

@article{Buring01,
	Author = {{\SortNoop{Buring}}B{\"u}ring, Daniel and Katharina Hartmann},
	Journal = {Natural Language and Linguistic Theory},
	Number = {2},
	Pages = {229--281},
	Title = {The Syntax and Semantics of Focus-Sensitive Particles in {G}erman},
	Volume = {19},
	Year = {2001}}

@phdthesis{Groenendijk84,
	Author = {Groenendijk, Jeroen and Stokhof, Martin},
	School = {University of Amsterdam},
	Address = {Amsterdam},
	Title = {Studies in the Semantics of Questions and the Pragmatics of Answers},
	Year = {1984}}

@incollection{Rooth96,
	Address = {London},
	Author = {Rooth, Mats},
	Booktitle = {Handbook of Contemporary Semantic Theory},
	Crossref = {Lappin96},
	Editor = {Shalom Lappin},
	Pages = {271--298},
	Publisher = {Blackwell},
	Title = {Focus},
	Year = {1996}}

@article{Chemla:Spector:2011,
	Author = {Chemla, Emmanuel and Spector, Benjamin},
	Journal = {Journal of Semantics},
	Number = {3},
	Pages = {359--400},
	Title = {Experimental Evidence for Embedded Scalar Implicatures},
	Volume = {28},
	Year = {2011}}

@inproceedings{Smith:Goodman:Frank:2013,
	Author = {Smith, Nathaniel J. and Goodman, Noah D. and Frank, Michael C.},
	Booktitle = {Advances in Neural Information Processing Systems 26},
	Pages = {3039--3047},
	Title = {Learning and Using Language via Recursive Pragmatic Reasoning about Other Agents},
	Year = {2013}}

@article{Rooth92,
	Author = {Rooth, Mats},
	Journal = {Natural Language Semantics},
	Number = {1},
	Pages = {75--116},
	Title = {A Theory of Focus Interpretation},
	Volume = {1},
	Year = {1992}}

@inproceedings{Spector:2007,
	Author = {Spector, Benjamin},
	Crossref = {Sauerland:Stateva:2007},
	Pages = {243--281},
	Title = {Aspects of the Pragmatics of Plural Morphology}}

@article{SchulzVanRooij06,
	Author = {Schulz, Katrin and Robert van Rooij},
	Journal = {Linguistics and Philosophy},
	Number = {2},
	Pages = {205--250},
	Title = {Pragmatic Meaning and Non-Monotonic Reasoning: {T}he Case of Exhaustive Interpretation.},
	Volume = {29},
	Year = {2006}}

@phdthesis{Rooth85,
	Annote = {June 3, 2001},
	Author = {Mats Rooth},
	School = {UMass Amherst},
	Address = {Amherst, MA},
	Title = {Association with Focus},
	Year = {1985}}

@article{Magri:2009,
	Author = {Magri, Giorgio},
	DoiHIDE = {10.1007/s11050-009-9042-x},
	Journal = {Natural Language Semantics},
	Keywords = {Individual level predicates; Bare plurals; Scalar implicatures},
	Number = {3},
	Pages = {245-297},
	Title = {A Theory of Individual-Level Predicates Based on Blind Mandatory Scalar Implicatures},
	Volume = {17},
	Year = {2009}}

@phdthesis{Hirschberg85,
	Author = {Hirschberg, Julia},
	School = {University of Pennsylvania},
	Address = {Philadelphia},
	Title = {A Theory of Scalar Implicature},
	Year = {1985}}

@incollection{ChierchiaFoxSpector08,
	Author = {Chierchia, Gennaro and Fox, Danny and Spector, Benjamin},
	Crossref = {Maienborn:vonHeusinger:Portner:2012},
	Pages = {2297--2332},
	Title = {The Grammatical View of Scalar Implicatures and the Relationship between Semantics and Pragmatics}}

@article{Sauerland04,
	Author = {Sauerland, Uli},
	Journal = {Linguistics and Philosophy},
	Number = {3},
	Pages = {367--391},
	Title = {Scalar Implicatures in Complex Sentences},
	Volume = {27},
	Year = {2004}}

@inproceedings{Sauerland01,
	Address = {Ithaca, NY},
	Author = {Sauerland, Uli},
	Booktitle = {{P}roceedings of {S}emantics and {L}inguistic {T}heory 11},
	Editor = {Hastings, Rachel and Jackson , Brendan and Zvolenszky, Zsofia},
	Pages = {388--403},
	Publisher = {Cornell Linguistics Circle},
	Title = {On the Computation of Conversational Implicatures},
	Year = {2001}}

@article{Geurts09,
	Author = {Geurts, Bart},
	Journal = {Mind and Language},
	Number = {1},
	Pages = {51--79},
	Title = {Scalar Implicatures and Local Pragmatics},
	Volume = {24},
	Year = {2009}}

@unpublished{Bergen:Levy:Goodman:2014,
	Author = {Bergen, Leon and Levy, Roger and Goodman, Noah D.},
	Month = {May},
	Note = {Ms., MIT, UCSD, and Stanford},
	Title = {Pragmatic Reasoning through Semantic Inference},
	Year = {2014}}


@book{Maienborn:vonHeusinger:Portner:2012,
	Address = {Berlin},
	Booktitle = {Semantics: An International Handbook of Natural Language Meaning},
	Editor = {Maienborn, Claudia and von Heusinger, Klaus and Portner, Paul},
	Publisher = {Mouton de Gruyter},
	Title = {Semantics: An International Handbook of Natural Language Meaning},
	Volume = {3},
	Year = {2012}}

@book{Lappin96,
	Address = {Oxford},
	Booktitle = {The Handbook of Contemporary Semantic Theory},
	Editor = {Lappin, Shalom},
	Publisher = {Blackwell Publishers},
	Title = {The Handbook of Contemporary Semantic Theory},
	Year = {1996}}

@book{Sauerland:Stateva:2007,
	Address = {Houndmills, Basingstoke, Hampshire},
	Booktitle = {Presupposition and Implicature in Compositional Semantics},
	Editor = {Sauerland, Uli and Stateva, Penka},
	Publisher = {Palgrave Macmillan},
	Title = {Presupposition and Implicature in Compositional Semantics},
	Year = {2007}}

@book{Oh79,
	Address = {New York},
	Editor = {Oh, Choon-Kyu and Dinneen, David A.},
	Publisher = {Academic Press},
	Title = {Syntax and Semantics},
	Volume = {11: Presupposition},
	Year = {1979}}

@book{Aloni:Dekker:Butler:2007,
	Address = {Amsterdam},
	Booktitle = {Questions in Dynamic Semantics},
	Editor = {Aloni, Maria and Dekker, Paul and Butler, Alastair},
	Publisher = {Elsevier},
	Title = {Questions in Dynamic Semantics},
	Year = {2007}}

@book{HornWard04,
	Address = {Oxford},
	Editor = {Horn, Laurence R. and Ward, Gregory},
	Publisher = {Blackwell},
	Title = {Handbook of Pragmatics},
	Year = {2004}}

@book{BirnerWard06,
	Address = {Amsterdam},
	Editor = {Betty Birner and Gregory Ward},
	Publisher = {John Benjamins},
	Title = {Drawing the Boundaries of Meaning: {N}eo-Gricean Studies in Pragmatics and Semantics in Honor of {L}aurence {R.~H}orn},
	Year = {2006}}

@incollection{reed:1991-interpreting,
	Address = {Hillsdale, NJ},
	Author = {Reed, Ann M.},
	Booktitle = {Bridges between Psychology and Linguistics: A {S}warthmore Festschrift for {L}ila {G}leitman},
	Editor = {Napoli, Donna Jo and Kegl, Judy Anne},
	Pages = {207--223},
	Publisher = {Erlbaum},
	Title = {On Interpreting Partitives},
	Year = {1991}}


@article{Degen:2015,
	Author = {Degen, Judith},
	Journal = {Semantics and Pragmatics},
	Month = {May},
	Number = {11},
	Pages = {1--55},
	Title = {Investigating the Distribution of \emph{some} (But Not \emph{all}) Implicatures Using Corpora and Web-based Methods},
	Volume = {8},
	Year = {2015}}


@inproceedings{lassiter-goodman:2013SALT,
	Author = {Daniel Lassiter and Noah D. Goodman},
	Booktitle = {Proceedings of Semantics and Linguistic Theory 23},
	Editor = {Snider, Todd},
	Pages = {587--610},
	Title = {Context, Scale Structure, and Statistics in the interpretation of Positive-Form Adjectives},
	Publisher =  {CLC Publications},
	Address = {Ithaca, NY},
	Year = {2013}}

@article{lassitergoodman15,
	Author = {Daniel Lassiter and Noah D.\ Goodman},
	Journal = {Synthese},
	Title = {Adjectival vagueness in a {B}ayesian model of interpretation},
	Year = {2015}}

@book{Grice89,
	Address = {Cambridge, MA},
	Author = {Grice, H.~Paul},
	Publisher = {Harvard University Press},
	Title = {Studies in the Way of Words},
	Year = {1989}}

@book{Pistoia-Reda:2014,
	Address = {Basingstoke},
	Editor = {Pistoia Reda, Salvatore},
	Publisher = {Palgrave Macmillan},
	Title = {Pragmatics, Semantics and the Case of Scalar Implicatures},
	Year = {2014}}

