%% This BibTeX bibliography file was created using BibDesk.
%% http://bibdesk.sourceforge.net/


%% Created for Michael Frank at 2015-04-16 11:30:39 -0700 


%% Saved with string encoding Unicode (UTF-8) 


@preamble{"\newcommand{\SortNoop}[1]{}"}

@book{levelt1993,
	Author = {Levelt, Willem JM},
	Date-Added = {2014-07-15 17:59:55 +0000},
	Date-Modified = {2014-07-15 17:59:58 +0000},
	Publisher = {MIT press},
	Title = {Speaking: From intention to articulation},
	Volume = {1},
	Year = {1993}}

@article{dale1995,
	Author = {Dale, Robert and Reiter, Ehud},
	Date-Added = {2010-07-03 14:35:45 +0200},
	Date-Modified = {2010-07-03 14:35:45 +0200},
	Journal = {Cognitive Science},
	Number = {2},
	Pages = {233--263},
	Publisher = {Psychology Press},
	Title = {Computational interpretations of the Gricean maxims in the generation of referring expressions},
	Volume = {19},
	Year = {1995}}

@article{van-deemter2012,
	Author = {{\SortNoop{Deemter}}van Deemter, Kees and Gatt, Albert and van Gompel, Roger P.G.\ and Krahmer, Emiel},
	Journal = {Topics in Cognitive Science},
	Number = {2},
	Pages = {166--183},
	Publisher = {Wiley Online Library},
	Title = {Toward a computational psycholinguistics of reference production},
	Volume = {4},
	Year = {2012}}

@article{engelhardt2006,
	Author = {Engelhardt, Paul E. and Bailey, Karl G.D.\ and Ferreira, Fernanda},
	Journal = {Journal of Memory and Language},
	Number = {4},
	Pages = {554--573},
	Publisher = {Elsevier},
	Title = {Do Speakers and Listeners Observe the {G}ricean Maxim of Quantity?},
	Volume = {54},
	Year = {2006}}

@article{pechmann1989,
	Author = {Pechmann, Thomas},
	Date-Added = {2014-07-15 19:24:49 +0000},
	Date-Modified = {2014-07-15 19:24:52 +0000},
	Journal = {Linguistics},
	Number = {1},
	Pages = {89--110},
	Title = {Incremental speech production and referential overspecification},
	Volume = {27},
	Year = {1989}}

@inproceedings{gatt2013,
	Author = {Gatt, Albert and van Gompel, Roger P.G.\ and van Deemter, Kees and Krahmer, Emiel},
	Booktitle = {Proceedings of the Workshop on Production of Referring Expressions: Bridging the Gap between Cognitive and Computational Approaches to Reference},
	Date-Added = {2014-07-15 19:20:17 +0000},
	Date-Modified = {2014-07-15 19:20:19 +0000},
	Title = {Are we {B}ayesian Referring Expression Generators?},
	Address = {Berlin},
	Year = {2013}}
	
@article{McMahan:Stone:2015,
	Author = {McMahan, Brian and Stone, Matthew},
	Journal = {Transactions of the Association for Computational Linguistics},
	Pages = {103--115},
	Title = {A {B}ayesian Model of Grounded Color Semantics},
	Volume = {3},
	Year = {2015}}


@article{bonawitz2014,
	Author = {Bonawitz, Elizabeth and Denison, Stephanie and Gopnik, Alison and Griffiths, Thomas L},
	Date-Added = {2015-04-16 18:30:36 +0000},
	Date-Modified = {2015-04-16 18:30:39 +0000},
	Journal = {Cognitive Psychology},
	Pages = {35--65},
	Publisher = {Elsevier},
	Title = {Win-Stay, Lose-Sample: A Simple Sequential Algorithm for Approximating {B}ayesian inference},
	Volume = {74},
	Year = {2014}}

@article{sanborn2010,
	Author = {Sanborn, Adam N. and Griffiths, Thomas L. and Navarro, Daniel J.},
	Date-Added = {2015-04-16 18:29:51 +0000},
	Date-Modified = {2015-04-16 18:30:02 +0000},
	Journal = {Psychological Review},
	Number = {4},
	Pages = {1144--1167},
	Publisher = {American Psychological Association},
	Title = {Rational approximations to rational models: alternative algorithms for category learning.},
	Volume = {117},
	Year = {2010}}

@article{griffiths2014,
	Author = {Griffiths, Thomas L and Lieder, Falk and Goodman, Noah D and Griffiths, Tom},
	Date-Added = {2015-04-16 18:29:41 +0000},
	Date-Modified = {2015-04-16 18:30:02 +0000},
	Journal = {Topics in Cognitive Science},
	Title = {Rational use of cognitive resources: Levels of analysis between the computational and the algorithmic},
	Year = {To appear}}

@article{vul2014,
	Author = {Vul, Edward and Goodman, Noah and Griffiths, Thomas L and Tenenbaum, Joshua B},
	Date-Added = {2015-04-16 18:29:31 +0000},
	Date-Modified = {2015-04-16 18:30:02 +0000},
	Journal = {Cognitive Science},
	Number = {4},
	Pages = {599--637},
	Publisher = {Wiley Online Library},
	Title = {One and Done? {O}ptimal Decisions from Very Few Samples},
	Volume = {38},
	Year = {2014}}

@book{marr1982,
	Address = { San Francisco},
	Author = {Marr, David},
	Date-Added = {2015-04-16 18:22:08 +0000},
	Date-Modified = {2015-04-16 18:23:05 +0000},
	Publisher = {WH Freeman and Company},
	Title = {Vision: A computational investigation into the human representation and processing of visual information},
	Year = {1982}}

@article{vanTiel:2014,
	Author = {{\SortNoop{Tiel}}van Tiel, Bob},
	Journal = {Journal of Semantics},
	Number = {2},
	Pages = {147--177},
	Title = {Embedded Scalars and Typicality},
	Volume = {31},
	Year = {2014}}

@article{Ippolito:2010,
	Author = {Ippolito, Michela},
	Journal = {Semantics and Pragmatics},
	Number = {5},
	Pages = {1--15},
	Title = {Embedded Implicatures? {R}emarks on the Debate Between Globalist and Localist Theories},
	Volume = {3},
	Year = {2010}}

@article{Sauerland:2010,
	Author = {Sauerland, Uli},
	Journal = {Semantics and Pragmatics},
	Number = {2},
	Pages = {1--13},
	Title = {Embedded Implicatures and Experimental Constraints: A Reply to {G}eurts \& {P}ouscoulous and {C}hemla},
	Volume = {3},
	Year = {2010}}

@article{Hurford:1974,
	Author = {Hurford, James R.},
	Journal = {Foundations of Language},
	Number = {3},
	Pages = {409--411},
	Title = {Exclusive or Inclusive Disjunction},
	Volume = {11},
	Year = {1974}}

@inproceedings{Vogel-etal:2014,
	Address = {Wheat Ridge, CO},
	Author = {Vogel, Adam and G{\'o}mez Emilsson, Andr{\'e}s and Frank, Michael C. and Jurafsky, Dan and Potts, Christopher},
	Booktitle = {Proceedings of the 36th Annual Meeting of the {C}ognitive {S}cience {S}ociety},
	Location = {Quebec City},
	Month = {July},
	Pages = {3055--3060},
	Publisher = {Cognitive Science Society},
	Title = {Learning to Reason Pragmatically with Cognitive Limitations},
	Year = {2014}}

@inproceedings{Potts:Levy:2015,
	Address = {Berkeley, CA},
	Author = {Potts, Christopher and Levy, Roger},
	Booktitle = {Proceedings of the 41st Annual Meeting of the {B}erkeley {L}inguistics {S}ociety},
	Location = {Berkeley, CA},
	Month = {February},
	Publisher = {BLS},
	Title = {Negotiating Lexical Uncertainty and Speaker Expertise with Disjunction},
	Year = {2015}}

@unpublished{Chemla-HurfordCounts,
	Author = {Chemla, Emmanuel},
	Note = {Ms. CNRS, ENS, LSCP Paris},
	Title = {Apparent {H}urford Constraint Obviations are Based on Scalar Implicatures: An Argument Based on Frequency Counts},
	Year = {2013}}

@incollection{Giles:Coupland:Coupland:1991,
	Author = {Giles, Howard and Coupland, Nikolas and Coupland, Justine},
	Booktitle = {Contexts of Accommodation},
	Editor = {Giles, Howard and Coupland, Nikolas and Coupland, Justine},
	Publisher = {Cambridge University Press},
	Address = {Cambridge},
	Pages = {1--68},
	Title = {Accommodation theory: Communication, Context, and Consequence},
	Year = {1991}}

@phdthesis{Russell:2012,
	Address = {Providence, RI},
	Author = {Russell, Benjamin},
	School = {Brown University},
	Title = {Probabilistic Reasoning and the Computation of Scalar Implicatures},
	Year = {2012}}

@incollection{Jaeger:Franke:2014,
	Address = {Houndmills, Basingstoke, Hampshire},
	Author = {{\SortNoop{Jager}}J{\"a}ger, Gerhard and Franke, Michael},
	Booktitle = {Pragmatics, Semantics and the Case of Scalar Implicature},
	Editor = {Reda, Salvatore Pistoia},
	Pages = {170--200},
	Publisher = {Palgrave Macmillan},
	Title = {Pragmatic Back-and-Forth Reasoning},
	Year = {2014}}

@book{Geurts:2011,
	Author = {Geurts, Bart},
	Publisher = {Cambridge University Press},
        Address = {Cambridge},
	Title = {Quantity Implicatures},
	Year = {2011}}

@incollection{Bach06,
	Address = {Amsterdam},
	Author = {Bach, Kent},
	Booktitle = {Drawing the Boundaries of Meaning: {N}eo-{G}ricean Studies in Pragmatics and Semantics in Honor of {L}aurence {R.~H}orn},
	Crossref = {BirnerWard06},
	Editor = {Betty Birner and Gregory Ward},
	Pages = {21--30},
	Publisher = {John Benjamins},
	Title = {The Top 10 Misconceptions about Implicature},
	Year = {2006}}

@incollection{SperberWilson04,
	Author = {Sperber, Dan and Wilson, Dierdre},
	Booktitle = {Handbook of Pragmatics},
	Crossref = {HornWard04},
	Pages = {607--632},
	Title = {Relevance Theory}}

@article{Noveck00,
	Author = {Noveck, Ira A},
	Date-Added = {2014-12-27 20:22:08 +0000},
	Date-Modified = {2014-12-27 20:22:20 +0000},
	Journal = {Cognition},
	Number = {2},
	Pages = {165--188},
	Publisher = {Elsevier},
	Title = {When children are more logical than adults: Experimental investigations of scalar implicature},
	Volume = {78},
	Year = {2000}}

@article{Goodman:Stuhlmuller:2013,
	Author = {Goodman, Noah D. and Stuhlm{\"u}ller, Andreas},
	Journal = {Topics in Cognitive Science},
	Number = {1},
	Pages = {173--184},
	Title = {Knowledge and Implicature: Modeling Language Understanding as Social Cognition},
	Volume = {5},
	Year = {2013}}

@article{Grodner-etal:2010,
	Author = {Grodner, Daniel J. and Klein, Natalie M. and Carbary, Kathleen M. and Tanenhaus, Michael K.},
	Journal = {Cognition},
	Number = {1},
	Pages = {42--55},
	Title = {``{S}ome,'' and Possibly All, Scalar Inferences are not Delayed: Evidence for Immediate Pragmatic Enrichment},
	Volume = {116},
	Year = {2010}}
	
@inproceedings{Kao2014, 
author = {Kao, Justine T and Bergen, Leon and Goodman, Noah D.}, 
booktitle = {Proceedings of the Thirty-Sixth Annual Conference of the {C}ognitive {S}cience {S}ociety}, 
title = {Formalizing the pragmatics of metaphor understanding},
year = {2014} }

@inproceedings{Hendriks-etal:2009,
	Address = {Houndmills, Basingstoke, Hampshire},
	Author = {Hendriks, Petra and Hoeks, John and de Hoop, Helen and Krammer, Irene and Smits, Erik-Jan and Spenader, Jennifer and de Swart, Henriette},
	Booktitle = {Semantics and Pragmatics: From Experiment to Theory},
	Editor = {Sauerland, Uli and Yatsushiro, Kazuko},
	Pages = {30--50},
	Publisher = {Palgrave Macmillan},
	Title = {A Large-Scale Investigation of Scalar Implicature},
	Year = {2009}}

@article{Paris:1973,
	Author = {Paris, Scott G.},
	Journal = {Journal of Experimental Child Psychology},
	Number = {2},
	Pages = {278--291},
	Title = {Comprehension of Language Connectives and Propositional Logical Relationships},
	Volume = {16},
	Year = {1973}}

@article{Clifton:Dube:2010,
	Author = {Clifton, Charles Jr. and Dube, Chad},
	Journal = {Semantics and Pragmatics},
	Number = {7},
	Pages = {1--13},
	Title = {Embedded Implicatures Observed: A Comment on {G}eurts and {P}ouscoulous (2009)},
	Volume = {3},
	Year = {2010}}

@book{Sutton:Barto:1998,
	Address = {Cambridge, MA},
	Author = {Sutton, Richard S. and Barto, Andrew G.},
	Publisher = {MIT Press},
	Title = {Reinforcement Learning: An Introduction},
	Year = {1998}}

@article{Degen:Tanenhaus:2014,
	Author = {Degen, Judith and Tanenhaus, Michael K.},
	Journal = {Cognitive Science},
	Title = {Processing Scalar Implicature: A Constraint-Based Approach},
	Year = {In press}}

@inproceedings{Spector:2007:SCALAR,
	Author = {Spector, Benjamin},
	Crossref = {Aloni:Dekker:Butler:2007},
	Pages = {225--249},
	Title = {Scalar Implicatures: Exhaustivity and {G}ricean Reasoning}}

@article{CamererHo:2004,
	Author = {Camerer, Colin F. and Ho, Teck-Hua and Chong, Juin-Kuan},
	Journal = {The Quarterly Journal of Economics},
	Month = {August},
	Number = {3},
	Pages = {861--898},
	Title = {A Cognitive Hierarchy Model of Games},
	Volume = {119},
	Year = {2004}}

@article{Baker70,
	Author = {Baker, C.~L.},
	Journal = {Linguistic Inquiry},
	Number = {2},
	Pages = {169--186},
	Title = {Double Negatives},
	Volume = {1},
	Year = {1970}}

@article{Israel96,
	Author = {Israel, Michael},
	Journal = {Linguistics and Philosophy},
	Number = {6},
	Pages = {619--666},
	Title = {Polarity Sensitivity as Lexical Semantics},
	Volume = {19},
	Year = {1996}}

@article{Blutner98,
	Author = {Blutner, Reinhard},
	Journal = {Journal of Semantics},
	Number = {2},
	Pages = {115--162},
	Title = {Lexical Pragmatics},
	Volume = {15},
	Year = {1998}}

@incollection{McCawley78,
	Address = {New York},
	Author = {McCawley, James D.},
	Booktitle = {Syntax and Semantics},
	Editor = {Cole, Peter},
	Pages = {245--259},
	Publisher = {Academic Press},
	Title = {Conversational Implicature and the Lexicon},
	Volume = {7: Pragmatics},
	Year = {1978}}

@book{Levinson00,
	Address = {Cambridge, MA},
	Author = {Levinson, Stephen C.},
	Publisher = {MIT Press},
	Title = {Presumptive Meanings: The Theory of Generalized Conversational Implicature},
	Year = {2000}}

@incollection{Horn84,
	Address = {Washington, D.C.},
	Author = {Horn, Laurence R.},
	Booktitle = {Meaning, Form, and Use in Context: {L}inguistic Applications},
	Editor = {Deborah Schiffrin},
	Pages = {11--42},
	Publisher = {Georgetown University Press},
	Title = {Toward a New Taxonomy for Pragmatic Inference: {Q}-based and {R}-based Implicature},
	Year = {1984}}

@inproceedings{Stiller:Goodman:Frank:2011,
	Address = {Austin, TX},
	Author = {Stiller, Alex and Goodman, Noah D. and Frank, Michael C.},
	Booktitle = {Proceedings of the 33rd Annual Meeting of the {C}ognitive {S}cience {S}ociety},
	Editor = {Carlson, Laura and Hoelscher, Christoph and Shipley, Thomas F.},
	Month = {July},
	Pages = {2134--2139},
	Publisher = {Cognitive Science Society},
	Title = {Ad-hoc Scalar Implicature in Adults and Children},
	Year = {2011}}

@article{Frank:Goodman:2012,
	Author = {Frank, Michael C. and Goodman, Noah D.},
	Journal = {Science},
	Number = {6084},
	Pages = {998},
	Title = {Predicting Pragmatic Reasoning in Language Games},
	Volume = {336},
	Year = {2012}}

@incollection{Goodman:Lassiter:2013,
	Address = {Oxford},
	Author = {Goodman, Noah D. and Lassiter, Daniel},
	Booktitle = {The Handbook of Contemporary Semantic Theory},
	Edition = {2},
	Editor = {Lappin, Shalom and Fox, Chris},
	Publisher = {Wiley-Blackwell},
	Title = {Probabilistic Semantics and Pragmatics: Uncertainty in Language and Thought},
	Year = {2015}}

@article{Clark97,
	Author = {Clark, Herbert H.},
	Journal = {Discourse Processes},
	Number = {3},
	Pages = {567--59},
	Title = {Dogmas of Understanding},
	Volume = {23},
	Year = {1997}}

@article{clark-clark79,
	Author = {Clark, Eve V. and Clark, Herbert H.},
	Journal = {Language},
	Pages = {767--811},
	Title = {When nouns surface as verbs},
	Year = {1979}}

@book{Muskens95,
	Address = {Stanford, CA},
	Author = {Muskens, Reinhard},
	Publisher = {CSLI/FoLLI},
	Title = {Meaning and Partiality},
	Year = {1995}}

@book{Lewis69,
	Address = {Cambridge, MA},
	Author = {Lewis, David},
	Publisher = {Harvard University Press},
	Title = {Convention},
	Year = {1969}}

@article{Lewis70GS,
	Author = {Lewis, David},
	Journal = {Synthese},
	Number = {1},
	Pages = {18--67},
	Title = {General Semantics},
	Volume = {22},
	Year = {1970}}

@incollection{Jaeger:2011,
	Author = {{\SortNoop{Jager}}J{\"a}ger, Gerhard},
	Crossref = {Maienborn:vonHeusinger:Portner:2012},
	Pages = {2487--2425},
	Title = {Game Theory in Semantics and Pragmatics}}

@incollection{Jaeger:2007,
	Address = {Amsterdam},
	Author = {{\SortNoop{Jager}}J{\"a}ger, Gerhard},
	Booktitle = {Game Theory and Linguistic Meaning},
	Editor = {Pietarinen, Ahti-Veikko},
	Pages = {89--102},
	Publisher = {Elsevier},
	Title = {Game Dynamics Connects Semantics and Pragmatics},
	Year = {2007}}

@book{Franke09DISS,
	Author = {Franke, Michael},
	Publisher = {Institute for Logic, Language and Computation, University of Amsterdam},
	Series = {ILLC Dissertation Series},
	Title = {Signal to Act: Game Theory in Pragmatics},
	Year = {2009}}

@article{chierchia2006broaden,
	Author = {Chierchia, Gennaro},
	Journal = {Linguistic Inquiry},
	Number = {4},
	Pages = {535--590},
	Publisher = {MIT Press},
	Title = {Broaden your views: Implicatures of domain widening and the ``logicality'' of language},
	Volume = {37},
	Year = {2006}}

@incollection{Chierchia01,
	Address = {New York},
	Author = {Chierchia, Gennaro},
	Booktitle = {Structures and Beyond: The Cartography of Syntactic Structures},
	Editor = {Belletti, Adriana},
	Pages = {39--103},
	Publisher = {Oxford University Press},
	Title = {Scalar Implicatures, Polarity Phenomena, and the Syntax/Pragmatics Interface},
	Volume = {3},
	Year = {2004}}

@article{Geurts:Pouscoulous:2009,
	Author = {Geurts, Bart and Pouscoulous, Nausicaa},
	Journal = {Semantics and Pragmatics},
	Number = {4},
	Pages = {1--34},
	Title = {Embedded implicatures?!?},
	Volume = {2},
	Year = {2009}}

@phdthesis{Horn72,
	Address = {Los Angeles},
	Author = {Horn, Laurence R},
	School = {UCLA},
	Title = {On the Semantic Properties of Logical Operators in {E}nglish},
	Year = {1972}}

@incollection{Gazdar79a,
	Author = {Gerald Gazdar},
	Booktitle = {Syntax and Semantics},
	Crossref = {Oh79},
	Pages = {57--89},
	Title = {A Solution to the Projection Problem}}

@book{Gazdar79b,
	Address = {New York},
	Author = {Gerald Gazdar},
	Publisher = {Academic Press},
	Title = {Pragmatics: Implicature, Presupposition and Logical Form},
	Year = {1979}}

@book{Sperber95,
	Address = {Oxford},
	Author = {Sperber, Dan and Deirdre Wilson},
	Edition = {2},
	Publisher = {Blackwell},
	Title = {Relevance: Communication and Cognition},
	Year = {1995}}

@article{geurts-vantiel:2013:scalar,
	Author = {Bart Geurts and van Tiel, Bob},
	Journal = {Semantics and Pragmatics},
	Month = {October},
	Number = {9},
	Pages = {1--37},
	Title = {Embedded Scalars},
	Volume = {6},
	Year = {2013}}

@article{Bach94,
	Author = {Bach, Kent},
	Journal = {Mind and Language},
	Number = {2},
	Pages = {124--162},
	Title = {Conversational Impliciture},
	Volume = {9},
	Year = {1994}}

@incollection{Fox:2009,
	Address = {Ithaca, NY},
	Author = {Fox, Danny},
	Booktitle = {{P}roceedings of {S}emantics and {L}inguistic {T}heory 17},
	Date-Added = {2012-04-08 18:22:38 +0000},
	Date-Modified = {2012-04-08 18:24:34 +0000},
	Editor = {Friedman, Tova and Gibson, Edward},
	Pages = {89--111},
	Publisher = {Cornell University},
	Title = {Too Many Alternatives: Density, Symmetry, and Other Predicaments},
	Year = {2009},
	Bdsk-File-1 = {YnBsaXN0MDDUAQIDBAUGJCVYJHZlcnNpb25YJG9iamVjdHNZJGFyY2hpdmVyVCR0b3ASAAGGoKgHCBMUFRYaIVUkbnVsbNMJCgsMDxJXTlMua2V5c1pOUy5vYmplY3RzViRjbGFzc6INDoACgAOiEBGABIAFgAdccmVsYXRpdmVQYXRoWWFsaWFzRGF0YV8QKi4uLy4uLy4uLy4uL0RvY3VtZW50cy9saXQvZm94L2ZveDIwMDlhLnBkZtIXCxgZV05TLmRhdGFPEQFgAAAAAAFgAAIAAAVDSFJJUwAAAAAAAAAAAAAAAAAAAAAAAAAAAADNpKTtSCsAAABcyd4MZm94MjAwOWEucGRmAAAAAAAAAAAAAAAAAAAAAAAAAAAAAAAAAAAAAAAAAAAAAAAAAAAAAAAAAAAAAAAAAAAAAFz5psunJcoAAAAAAAAAAAAEAAQAAAkAAAAAAAAAAAAAAAAAAAAAA2ZveAAAEAAIAADNpQddAAAAEQAIAADLp4g6AAAAAQAMAFzJ3gAG/EwAAAB3AAIAJ0NIUklTOkRvY3VtZW50czoAbGl0OgBmb3g6AGZveDIwMDlhLnBkZgAADgAaAAwAZgBvAHgAMgAwADAAOQBhAC4AcABkAGYADwAMAAUAQwBIAFIASQBTABIAHy9Eb2N1bWVudHMvbGl0L2ZveC9mb3gyMDA5YS5wZGYAABMADi9Wb2x1bWVzL0NIUklTABUAAgAO//8AAIAG0hscHR5aJGNsYXNzbmFtZVgkY2xhc3Nlc11OU011dGFibGVEYXRhox0fIFZOU0RhdGFYTlNPYmplY3TSGxwiI1xOU0RpY3Rpb25hcnmiIiBfEA9OU0tleWVkQXJjaGl2ZXLRJidUcm9vdIABAAgAEQAaACMALQAyADcAQABGAE0AVQBgAGcAagBsAG4AcQBzAHUAdwCEAI4AuwDAAMgCLAIuAjMCPgJHAlUCWQJgAmkCbgJ7An4CkAKTApgAAAAAAAACAQAAAAAAAAAoAAAAAAAAAAAAAAAAAAACmg==}}

@incollection{Grice75,
	Address = {New York},
	Author = {Grice, H.~Paul},
	Booktitle = {Syntax and Semantics},
	Date-Modified = {2012-12-29 18:48:46 +0000},
	Editor = {Peter Cole and Jerry Morgan},
	Pages = {43--58},
	Publisher = {Academic Press},
	Title = {Logic and Conversation},
	Volume = {3: Speech Acts},
	Year = {1975},
	Bdsk-File-1 = {YnBsaXN0MDDUAQIDBAUGJCVYJHZlcnNpb25YJG9iamVjdHNZJGFyY2hpdmVyVCR0b3ASAAGGoKgHCBMUFRYaIVUkbnVsbNMJCgsMDxJXTlMua2V5c1pOUy5vYmplY3RzViRjbGFzc6INDoACgAOiEBGABIAFgAdccmVsYXRpdmVQYXRoWWFsaWFzRGF0YV8QLS4uLy4uLy4uLy4uL0RvY3VtZW50cy9saXQvZ3JpY2UvZ3JpY2UxOTc1LnBkZtIXCxgZV05TLmRhdGFPEQFoAAAAAAFoAAIAAAVDSFJJUwAAAAAAAAAAAAAAAAAAAAAAAAAAAADNpKTtSCsAAABcyiANZ3JpY2UxOTc1LnBkZgAAAAAAAAAAAAAAAAAAAAAAAAAAAAAAAAAAAAAAAAAAAAAAAAAAAAAAAAAAAAAAAAAAAFz7F8ddYMBQREYgQ0FSTwAEAAQAAAkAAAAAAAAAAAAAAAAAAAAABWdyaWNlAAAQAAgAAM2lB10AAAARAAgAAMdd0UAAAAABAAwAXMogAAb8TAAAAHcAAgAqQ0hSSVM6RG9jdW1lbnRzOgBsaXQ6AGdyaWNlOgBncmljZTE5NzUucGRmAA4AHAANAGcAcgBpAGMAZQAxADkANwA1AC4AcABkAGYADwAMAAUAQwBIAFIASQBTABIAIi9Eb2N1bWVudHMvbGl0L2dyaWNlL2dyaWNlMTk3NS5wZGYAEwAOL1ZvbHVtZXMvQ0hSSVMAFQACAA7//wAAgAbSGxwdHlokY2xhc3NuYW1lWCRjbGFzc2VzXU5TTXV0YWJsZURhdGGjHR8gVk5TRGF0YVhOU09iamVjdNIbHCIjXE5TRGljdGlvbmFyeaIiIF8QD05TS2V5ZWRBcmNoaXZlctEmJ1Ryb290gAEACAARABoAIwAtADIANwBAAEYATQBVAGAAZwBqAGwAbgBxAHMAdQB3AIQAjgC+AMMAywI3AjkCPgJJAlICYAJkAmsCdAJ5AoYCiQKbAp4CowAAAAAAAAIBAAAAAAAAACgAAAAAAAAAAAAAAAAAAAKl}}

@article{grice57,
	Author = {Grice, H Paul},
	Journal = {The {P}hilosophical {R}eview},
	Pages = {377--388},
	Title = {Meaning},
	Year = {1957}}

@incollection{Fox:2007,
	Author = {Fox, Danny},
	Crossref = {Sauerland:Stateva:2007},
	Date-Added = {2012-04-08 18:19:08 +0000},
	Date-Modified = {2012-04-08 18:22:21 +0000},
	Pages = {71--120},
	Title = {Free Choice Disjunction and the Theory of Scalar Implicatures}}

@article{Russell06,
	Author = {Russell, Benjamin},
	Journal = {Journal of Semantics},
	Number = {4},
	Pages = {361--382},
	Title = {Against Grammatical Computation of Scalar Implicatures},
	Volume = {23},
	Year = {2006},
	Bdsk-File-1 = {YnBsaXN0MDDUAQIDBAUGJCVYJHZlcnNpb25YJG9iamVjdHNZJGFyY2hpdmVyVCR0b3ASAAGGoKgHCBMUFRYaIVUkbnVsbNMJCgsMDxJXTlMua2V5c1pOUy5vYmplY3RzViRjbGFzc6INDoACgAOiEBGABIAFgAdccmVsYXRpdmVQYXRoWWFsaWFzRGF0YV8QMS4uLy4uLy4uLy4uL0RvY3VtZW50cy9saXQvcnVzc2VsbC9ydXNzZWxsMjAwNi5wZGbSFwsYGVdOUy5kYXRhTxEBdgAAAAABdgACAAAFQ0hSSVMAAAAAAAAAAAAAAAAAAAAAAAAAAAAAzaSk7UgrAAAAXMvED3J1c3NlbGwyMDA2LnBkZgAAAAAAAAAAAAAAAAAAAAAAAAAAAAAAAAAAAAAAAAAAAAAAAAAAAAAAAAAAAAAAAABdB1LCaMY6UERGIENBUk8ABAAEAAAJAAAAAAAAAAAAAAAAAAAAAAdydXNzZWxsAAAQAAgAAM2lB10AAAARAAgAAMJpKKoAAAABAAwAXMvEAAb8TAAAAHcAAgAuQ0hSSVM6RG9jdW1lbnRzOgBsaXQ6AHJ1c3NlbGw6AHJ1c3NlbGwyMDA2LnBkZgAOACAADwByAHUAcwBzAGUAbABsADIAMAAwADYALgBwAGQAZgAPAAwABQBDAEgAUgBJAFMAEgAmL0RvY3VtZW50cy9saXQvcnVzc2VsbC9ydXNzZWxsMjAwNi5wZGYAEwAOL1ZvbHVtZXMvQ0hSSVMAFQACAA7//wAAgAbSGxwdHlokY2xhc3NuYW1lWCRjbGFzc2VzXU5TTXV0YWJsZURhdGGjHR8gVk5TRGF0YVhOU09iamVjdNIbHCIjXE5TRGljdGlvbmFyeaIiIF8QD05TS2V5ZWRBcmNoaXZlctEmJ1Ryb290gAEACAARABoAIwAtADIANwBAAEYATQBVAGAAZwBqAGwAbgBxAHMAdQB3AIQAjgDCAMcAzwJJAksCUAJbAmQCcgJ2An0ChgKLApgCmwKtArACtQAAAAAAAAIBAAAAAAAAACgAAAAAAAAAAAAAAAAAAAK3}}

@inproceedings{Bergen:Goodman:Levy:2012,
	Address = {Austin, TX},
	Author = {Bergen, Leon and Goodman, Noah D. and Levy, Roger},
	Booktitle = {Proceedings of the 34th Annual Meeting of the {C}ognitive {S}cience {S}ociety},
	Date-Added = {2012-08-15 23:42:49 +0000},
	Date-Modified = {2014-04-16 00:00:54 +0000},
	Editor = {Miyake, Naomi and Peebles, David and Cooper, Richard P.},
	Location = {Sapporo, Japan},
	Pages = {120--125},
	Publisher = {Cognitive Science Society},
	Title = {That's What She (Could Have) Said: How Alternative Utterances Affect Language Use},
	Year = {2012},
	Bdsk-File-1 = {YnBsaXN0MDDUAQIDBAUGJCVYJHZlcnNpb25YJG9iamVjdHNZJGFyY2hpdmVyVCR0b3ASAAGGoKgHCBMUFRYaIVUkbnVsbNMJCgsMDxJXTlMua2V5c1pOUy5vYmplY3RzViRjbGFzc6INDoACgAOiEBGABIAFgAdccmVsYXRpdmVQYXRoWWFsaWFzRGF0YV8QLy4uLy4uLy4uLy4uL0RvY3VtZW50cy9saXQvYmVyZ2VuL2JlcmdlbjIwMTIucGRm0hcLGBlXTlMuZGF0YU8RAW4AAAAAAW4AAgAABUNIUklTAAAAAAAAAAAAAAAAAAAAAAAAAAAAAM2kpO1IKwAAAFzJLA5iZXJnZW4yMDEyLnBkZgAAAAAAAAAAAAAAAAAAAAAAAAAAAAAAAAAAAAAAAAAAAAAAAAAAAAAAAAAAAAAAAAAAzFR+z3MWBQAAAAAAAAAAAAQABAAACQAAAAAAAAAAAAAAAAAAAAAGYmVyZ2VuABAACAAAzaUHXQAAABEACAAAz3N4dQAAAAEADABcySwABvxMAAAAdwACACxDSFJJUzpEb2N1bWVudHM6AGxpdDoAYmVyZ2VuOgBiZXJnZW4yMDEyLnBkZgAOAB4ADgBiAGUAcgBnAGUAbgAyADAAMQAyAC4AcABkAGYADwAMAAUAQwBIAFIASQBTABIAJC9Eb2N1bWVudHMvbGl0L2Jlcmdlbi9iZXJnZW4yMDEyLnBkZgATAA4vVm9sdW1lcy9DSFJJUwAVAAIADv//AACABtIbHB0eWiRjbGFzc25hbWVYJGNsYXNzZXNdTlNNdXRhYmxlRGF0YaMdHyBWTlNEYXRhWE5TT2JqZWN00hscIiNcTlNEaWN0aW9uYXJ5oiIgXxAPTlNLZXllZEFyY2hpdmVy0SYnVHJvb3SAAQAIABEAGgAjAC0AMgA3AEAARgBNAFUAYABnAGoAbABuAHEAcwB1AHcAhACOAMAAxQDNAj8CQQJGAlECWgJoAmwCcwJ8AoECjgKRAqMCpgKrAAAAAAAAAgEAAAAAAAAAKAAAAAAAAAAAAAAAAAAAAq0=}}

@unpublished{Gajewski:2012,
	Author = {Gajewski, Jon},
	Date-Added = {2012-04-08 18:17:49 +0000},
	Date-Modified = {2012-04-08 18:18:29 +0000},
	Note = {Ms., UConn},
	Title = {Innocent Exclusion is not Contradiction Free},
	Year = {2012},
	Bdsk-File-1 = {YnBsaXN0MDDUAQIDBAUGJCVYJHZlcnNpb25YJG9iamVjdHNZJGFyY2hpdmVyVCR0b3ASAAGGoKgHCBMUFRYaIVUkbnVsbNMJCgsMDxJXTlMua2V5c1pOUy5vYmplY3RzViRjbGFzc6INDoACgAOiEBGABIAFgAdccmVsYXRpdmVQYXRoWWFsaWFzRGF0YV8QMy4uLy4uLy4uLy4uL0RvY3VtZW50cy9saXQvZ2FqZXdza2kvZ2FqZXdza2kyMDEyLnBkZtIXCxgZV05TLmRhdGFPEQF8AAAAAAF8AAIAAAVDSFJJUwAAAAAAAAAAAAAAAAAAAAAAAAAAAADNpKTtSCsAAABcye4QZ2FqZXdza2kyMDEyLnBkZgAAAAAAAAAAAAAAAAAAAAAAAAAAAAAAAAAAAAAAAAAAAAAAAAAAAAAAAAAAAAAAAFz5ysunJEoAAAAAAAAAAAAEAAQAAAkAAAAAAAAAAAAAAAAAAAAACGdhamV3c2tpABAACAAAzaUHXQAAABEACAAAy6eGugAAAAEADABcye4ABvxMAAAAdwACADBDSFJJUzpEb2N1bWVudHM6AGxpdDoAZ2FqZXdza2k6AGdhamV3c2tpMjAxMi5wZGYADgAiABAAZwBhAGoAZQB3AHMAawBpADIAMAAxADIALgBwAGQAZgAPAAwABQBDAEgAUgBJAFMAEgAoL0RvY3VtZW50cy9saXQvZ2FqZXdza2kvZ2FqZXdza2kyMDEyLnBkZgATAA4vVm9sdW1lcy9DSFJJUwAVAAIADv//AACABtIbHB0eWiRjbGFzc25hbWVYJGNsYXNzZXNdTlNNdXRhYmxlRGF0YaMdHyBWTlNEYXRhWE5TT2JqZWN00hscIiNcTlNEaWN0aW9uYXJ5oiIgXxAPTlNLZXllZEFyY2hpdmVy0SYnVHJvb3SAAQAIABEAGgAjAC0AMgA3AEAARgBNAFUAYABnAGoAbABuAHEAcwB1AHcAhACOAMQAyQDRAlECUwJYAmMCbAJ6An4ChQKOApMCoAKjArUCuAK9AAAAAAAAAgEAAAAAAAAAKAAAAAAAAAAAAAAAAAAAAr8=}}

@incollection{deJagerVanRooij07,
	Address = {New York},
	Author = {{\SortNoop{Jager}}de Jager, Tikitu and Robert van Rooij},
	Booktitle = {Proceedings of the 11th Conference on Theoretical Aspects of Rationality and Knowledge},
	Pages = {193--202},
	Publisher = {ACM Digital Library},
	Title = {Explaining Quantity Implicatures},
	Year = {2007}}

@book{BeaverClark08,
	Address = {Oxford},
	Author = {Beaver, David I. and Brady Zack Clark},
	Date-Modified = {2013-01-01 18:57:16 +0000},
	Publisher = {Wiley-Blackwell},
	Title = {Sense and Sensitivity: How Focus Determines Meaning},
	Year = {2008},
	Bdsk-File-1 = {YnBsaXN0MDDUAQIDBAUGJCVYJHZlcnNpb25YJG9iamVjdHNZJGFyY2hpdmVyVCR0b3ASAAGGoKgHCBMUFRYaIVUkbnVsbNMJCgsMDxJXTlMua2V5c1pOUy5vYmplY3RzViRjbGFzc6INDoACgAOiEBGABIAFgAdccmVsYXRpdmVQYXRoWWFsaWFzRGF0YV8QLy4uLy4uLy4uLy4uL0RvY3VtZW50cy9saXQvYmVhdmVyL2JlYXZlcjIwMDgucGRm0hcLGBlXTlMuZGF0YU8RAW4AAAAAAW4AAgAABUNIUklTAAAAAAAAAAAAAAAAAAAAAAAAAAAAAM2kpO1IKwAAAFzJHw5iZWF2ZXIyMDA4LnBkZgAAAAAAAAAAAAAAAAAAAAAAAAAAAAAAAAAAAAAAAAAAAAAAAAAAAAAAAAAAAAAAAAAAXPdrwnD89gAAAAAAAAAAAAQABAAACQAAAAAAAAAAAAAAAAAAAAAGYmVhdmVyABAACAAAzaUHXQAAABEACAAAwnFfZgAAAAEADABcyR8ABvxMAAAAdwACACxDSFJJUzpEb2N1bWVudHM6AGxpdDoAYmVhdmVyOgBiZWF2ZXIyMDA4LnBkZgAOAB4ADgBiAGUAYQB2AGUAcgAyADAAMAA4AC4AcABkAGYADwAMAAUAQwBIAFIASQBTABIAJC9Eb2N1bWVudHMvbGl0L2JlYXZlci9iZWF2ZXIyMDA4LnBkZgATAA4vVm9sdW1lcy9DSFJJUwAVAAIADv//AACABtIbHB0eWiRjbGFzc25hbWVYJGNsYXNzZXNdTlNNdXRhYmxlRGF0YaMdHyBWTlNEYXRhWE5TT2JqZWN00hscIiNcTlNEaWN0aW9uYXJ5oiIgXxAPTlNLZXllZEFyY2hpdmVy0SYnVHJvb3SAAQAIABEAGgAjAC0AMgA3AEAARgBNAFUAYABnAGoAbABuAHEAcwB1AHcAhACOAMAAxQDNAj8CQQJGAlECWgJoAmwCcwJ8AoECjgKRAqMCpgKrAAAAAAAAAgEAAAAAAAAAKAAAAAAAAAAAAAAAAAAAAq0=}}

@article{JohnMcCarthy80,
	Author = {McCarthy, John},
	Date-Added = {2009-08-27 10:36:13 -0700},
	Date-Modified = {2009-08-27 10:37:21 -0700},
	Journal = {Artificial Intelligence},
	Number = {1},
	Pages = {27--39},
	Title = {Circumscription --- A Form of Non-Monotonic Reasoning},
	Volume = {13},
	Year = {1980}}

@article{Alonso-Ovalle:2008,
	Author = {Alonso-Ovalle, Luis},
	Date-Added = {2012-04-08 18:15:37 +0000},
	Date-Modified = {2012-04-08 18:16:16 +0000},
	Journal = {Natural Language Semantics},
	Number = {2},
	Pages = {115--128},
	Title = {Innocent Exclusion in an Alternative Semantics},
	Volume = {16},
	Year = {2008}}

@article{Kao-etal:2014,
	Author = {Kao, Justine T. and Wu, Jean Y. and Bergen, Leon and Goodman, Noah D.},
	Journal = {Proceedings of the National Academy of Sciences},
	Month = {August},
	Number = {33},
	Pages = {12002--12007},
	Title = {Nonliteral Understanding of Number Words},
	Volume = {111},
	Year = {2014}}

@article{Buring01,
	Author = {{\SortNoop{Buring}}B{\"u}ring, Daniel and Katharina Hartmann},
	Journal = {Natural Language and Linguistic Theory},
	Number = {2},
	Pages = {229--281},
	Title = {The Syntax and Semantics of Focus-Sensitive Particles in {G}erman},
	Volume = {19},
	Year = {2001}}

@phdthesis{Groenendijk84,
	Author = {Groenendijk, Jeroen and Stokhof, Martin},
	School = {University of Amsterdam},
	Address = {Amsterdam},
	Title = {Studies in the Semantics of Questions and the Pragmatics of Answers},
	Year = {1984},
	Bdsk-File-1 = {YnBsaXN0MDDUAQIDBAUGJCVYJHZlcnNpb25YJG9iamVjdHNZJGFyY2hpdmVyVCR0b3ASAAGGoKgHCBMUFRYaIVUkbnVsbNMJCgsMDxJXTlMua2V5c1pOUy5vYmplY3RzViRjbGFzc6INDoACgAOiEBGABIAFgAdccmVsYXRpdmVQYXRoWWFsaWFzRGF0YV8QOS4uLy4uLy4uLy4uL0RvY3VtZW50cy9saXQvZ3JvZW5lbmRpamsvZ3JvZW5lbmRpamsxOTg0LnBkZtIXCxgZV05TLmRhdGFPEQGSAAAAAAGSAAIAAAVDSFJJUwAAAAAAAAAAAAAAAAAAAAAAAAAAAADNpKTtSCsAAABcyikTZ3JvZW5lbmRpamsxOTg0LnBkZgAAAAAAAAAAAAAAAAAAAAAAAAAAAAAAAAAAAAAAAAAAAAAAAAAAAAAAAAAAAFz7JMJuebhQREYgQ0FSTwAEAAQAAAkAAAAAAAAAAAAAAAAAAAAAC2dyb2VuZW5kaWprAAAQAAgAAM2lB10AAAARAAgAAMJu3CgAAAABAAwAXMopAAb8TAAAAHcAAgA2Q0hSSVM6RG9jdW1lbnRzOgBsaXQ6AGdyb2VuZW5kaWprOgBncm9lbmVuZGlqazE5ODQucGRmAA4AKAATAGcAcgBvAGUAbgBlAG4AZABpAGoAawAxADkAOAA0AC4AcABkAGYADwAMAAUAQwBIAFIASQBTABIALi9Eb2N1bWVudHMvbGl0L2dyb2VuZW5kaWprL2dyb2VuZW5kaWprMTk4NC5wZGYAEwAOL1ZvbHVtZXMvQ0hSSVMAFQACAA7//wAAgAbSGxwdHlokY2xhc3NuYW1lWCRjbGFzc2VzXU5TTXV0YWJsZURhdGGjHR8gVk5TRGF0YVhOU09iamVjdNIbHCIjXE5TRGljdGlvbmFyeaIiIF8QD05TS2V5ZWRBcmNoaXZlctEmJ1Ryb290gAEACAARABoAIwAtADIANwBAAEYATQBVAGAAZwBqAGwAbgBxAHMAdQB3AIQAjgDKAM8A1wJtAm8CdAJ/AogClgKaAqECqgKvArwCvwLRAtQC2QAAAAAAAAIBAAAAAAAAACgAAAAAAAAAAAAAAAAAAALb},
	Bdsk-File-2 = {YnBsaXN0MDDUAQIDBAUGJCVYJHZlcnNpb25YJG9iamVjdHNZJGFyY2hpdmVyVCR0b3ASAAGGoKgHCBMUFRYaIVUkbnVsbNMJCgsMDxJXTlMua2V5c1pOUy5vYmplY3RzViRjbGFzc6INDoACgAOiEBGABIAFgAdccmVsYXRpdmVQYXRoWWFsaWFzRGF0YV8QOi4uLy4uLy4uLy4uL0RvY3VtZW50cy9saXQvZ3JvZW5lbmRpamsvZ3JvZW5lbmRpamsxOTg0YS5wZGbSFwsYGVdOUy5kYXRhTxEBmAAAAAABmAACAAAFQ0hSSVMAAAAAAAAAAAAAAAAAAAAAAAAAAAAAzaSk7UgrAAAAXMopFGdyb2VuZW5kaWprMTk4NGEucGRmAAAAAAAAAAAAAAAAAAAAAAAAAAAAAAAAAAAAAAAAAAAAAAAAAAAAAAAAAABc+yXCbnowUERGIENBUk8ABAAEAAAJAAAAAAAAAAAAAAAAAAAAAAtncm9lbmVuZGlqawAAEAAIAADNpQddAAAAEQAIAADCbtygAAAAAQAMAFzKKQAG/EwAAAB3AAIAN0NIUklTOkRvY3VtZW50czoAbGl0OgBncm9lbmVuZGlqazoAZ3JvZW5lbmRpamsxOTg0YS5wZGYAAA4AKgAUAGcAcgBvAGUAbgBlAG4AZABpAGoAawAxADkAOAA0AGEALgBwAGQAZgAPAAwABQBDAEgAUgBJAFMAEgAvL0RvY3VtZW50cy9saXQvZ3JvZW5lbmRpamsvZ3JvZW5lbmRpamsxOTg0YS5wZGYAABMADi9Wb2x1bWVzL0NIUklTABUAAgAO//8AAIAG0hscHR5aJGNsYXNzbmFtZVgkY2xhc3Nlc11OU011dGFibGVEYXRhox0fIFZOU0RhdGFYTlNPYmplY3TSGxwiI1xOU0RpY3Rpb25hcnmiIiBfEA9OU0tleWVkQXJjaGl2ZXLRJidUcm9vdIABAAgAEQAaACMALQAyADcAQABGAE0AVQBgAGcAagBsAG4AcQBzAHUAdwCEAI4AywDQANgCdAJ2AnsChgKPAp0CoQKoArECtgLDAsYC2ALbAuAAAAAAAAACAQAAAAAAAAAoAAAAAAAAAAAAAAAAAAAC4g==}}

@incollection{Rooth96,
	Address = {London},
	Author = {Rooth, Mats},
	Booktitle = {Handbook of Contemporary Semantic Theory},
	Crossref = {Lappin96},
	Editor = {Shalom Lappin},
	Pages = {271--298},
	Publisher = {Blackwell},
	Title = {Focus},
	Year = {1996},
	Bdsk-File-1 = {YnBsaXN0MDDUAQIDBAUGJCVYJHZlcnNpb25YJG9iamVjdHNZJGFyY2hpdmVyVCR0b3ASAAGGoKgHCBMUFRYaIVUkbnVsbNMJCgsMDxJXTlMua2V5c1pOUy5vYmplY3RzViRjbGFzc6INDoACgAOiEBGABIAFgAdccmVsYXRpdmVQYXRoWWFsaWFzRGF0YV8QLS4uLy4uLy4uLy4uL0RvY3VtZW50cy9saXQvcm9vdGgvcm9vdGgxOTk2LnBkZtIXCxgZV05TLmRhdGFPEQFoAAAAAAFoAAIAAAVDSFJJUwAAAAAAAAAAAAAAAAAAAAAAAAAAAADNpKTtSCsAAABcy7cNcm9vdGgxOTk2LnBkZgAAAAAAAAAAAAAAAAAAAAAAAAAAAAAAAAAAAAAAAAAAAAAAAAAAAAAAAAAAAAAAAAAAAF0HJsFt9eQAAAAAAAAAAAAEAAQAAAkAAAAAAAAAAAAAAAAAAAAABXJvb3RoAAAQAAgAAM2lB10AAAARAAgAAMFuZmQAAAABAAwAXMu3AAb8TAAAAHcAAgAqQ0hSSVM6RG9jdW1lbnRzOgBsaXQ6AHJvb3RoOgByb290aDE5OTYucGRmAA4AHAANAHIAbwBvAHQAaAAxADkAOQA2AC4AcABkAGYADwAMAAUAQwBIAFIASQBTABIAIi9Eb2N1bWVudHMvbGl0L3Jvb3RoL3Jvb3RoMTk5Ni5wZGYAEwAOL1ZvbHVtZXMvQ0hSSVMAFQACAA7//wAAgAbSGxwdHlokY2xhc3NuYW1lWCRjbGFzc2VzXU5TTXV0YWJsZURhdGGjHR8gVk5TRGF0YVhOU09iamVjdNIbHCIjXE5TRGljdGlvbmFyeaIiIF8QD05TS2V5ZWRBcmNoaXZlctEmJ1Ryb290gAEACAARABoAIwAtADIANwBAAEYATQBVAGAAZwBqAGwAbgBxAHMAdQB3AIQAjgC+AMMAywI3AjkCPgJJAlICYAJkAmsCdAJ5AoYCiQKbAp4CowAAAAAAAAIBAAAAAAAAACgAAAAAAAAAAAAAAAAAAAKl}}

@article{Chemla:Spector:2011,
	Author = {Chemla, Emmanuel and Spector, Benjamin},
	Date-Added = {2012-04-18 14:36:29 +0000},
	Date-Modified = {2012-04-18 14:37:21 +0000},
	Journal = {Journal of Semantics},
	Number = {3},
	Pages = {359--400},
	Title = {Experimental Evidence for Embedded Scalar Implicatures},
	Volume = {28},
	Year = {2011},
	Bdsk-File-1 = {YnBsaXN0MDDUAQIDBAUGJCVYJHZlcnNpb25YJG9iamVjdHNZJGFyY2hpdmVyVCR0b3ASAAGGoKgHCBMUFRYaIVUkbnVsbNMJCgsMDxJXTlMua2V5c1pOUy5vYmplY3RzViRjbGFzc6INDoACgAOiEBGABIAFgAdccmVsYXRpdmVQYXRoWWFsaWFzRGF0YV8QLy4uLy4uLy4uLy4uL0RvY3VtZW50cy9saXQvY2hlbWxhL2NoZW1sYTIwMTEucGRm0hcLGBlXTlMuZGF0YU8RAW4AAAAAAW4AAgAABUNIUklTAAAAAAAAAAAAAAAAAAAAAAAAAAAAAM2kpO1IKwAAAFzJbg5jaGVtbGEyMDExLnBkZgAAAAAAAAAAAAAAAAAAAAAAAAAAAAAAAAAAAAAAAAAAAAAAAAAAAAAAAAAAAAAAAAAAXPgTy7QfrAAAAAAAAAAAAAQABAAACQAAAAAAAAAAAAAAAAAAAAAGY2hlbWxhABAACAAAzaUHXQAAABEACAAAy7SCHAAAAAEADABcyW4ABvxMAAAAdwACACxDSFJJUzpEb2N1bWVudHM6AGxpdDoAY2hlbWxhOgBjaGVtbGEyMDExLnBkZgAOAB4ADgBjAGgAZQBtAGwAYQAyADAAMQAxAC4AcABkAGYADwAMAAUAQwBIAFIASQBTABIAJC9Eb2N1bWVudHMvbGl0L2NoZW1sYS9jaGVtbGEyMDExLnBkZgATAA4vVm9sdW1lcy9DSFJJUwAVAAIADv//AACABtIbHB0eWiRjbGFzc25hbWVYJGNsYXNzZXNdTlNNdXRhYmxlRGF0YaMdHyBWTlNEYXRhWE5TT2JqZWN00hscIiNcTlNEaWN0aW9uYXJ5oiIgXxAPTlNLZXllZEFyY2hpdmVy0SYnVHJvb3SAAQAIABEAGgAjAC0AMgA3AEAARgBNAFUAYABnAGoAbABuAHEAcwB1AHcAhACOAMAAxQDNAj8CQQJGAlECWgJoAmwCcwJ8AoECjgKRAqMCpgKrAAAAAAAAAgEAAAAAAAAAKAAAAAAAAAAAAAAAAAAAAq0=}}

@inproceedings{Smith:Goodman:Frank:2013,
	Abstract = {Language users are remarkably good at making inferences about speakers' intentions in context, and children learning their native language also display substantial skill in acquiring the meanings of unknown words. These two cases are deeply related: Language users invent new terms in conversation, and language learners learn the literal meanings of words based on their pragmatic inferences about how those words are used. While pragmatic inference and word learning have both been independently characterized in probabilistic terms, no current work unifies these two. We describe a model in which language learners assume that they jointly approximate a shared, external lexicon and reason recursively about the goals of others in using this lexicon. This model captures phenomena in word learning and pragmatic inference; it additionally leads to insights about the emergence of communicative systems in conversation and the mechanisms by which pragmatic inferences become incorporated into word meanings.},
	Author = {Smith, Nathaniel J. and Goodman, Noah D. and Frank, Michael C.},
	Booktitle = {Advances in Neural Information Processing Systems 26},
	Date-Added = {2013-12-20 00:53:53 +0000},
	Date-Modified = {2013-12-20 00:57:18 +0000},
	Pages = {3039--3047},
	Title = {Learning and Using Language via Recursive Pragmatic Reasoning about Other Agents},
	Year = {2013},
	Bdsk-File-1 = {YnBsaXN0MDDUAQIDBAUGJCVYJHZlcnNpb25YJG9iamVjdHNZJGFyY2hpdmVyVCR0b3ASAAGGoKgHCBMUFRYaIVUkbnVsbNMJCgsMDxJXTlMua2V5c1pOUy5vYmplY3RzViRjbGFzc6INDoACgAOiEBGABIAFgAdccmVsYXRpdmVQYXRoWWFsaWFzRGF0YV8QLS4uLy4uLy4uLy4uL0RvY3VtZW50cy9saXQvc21pdGgvc21pdGgyMDEzLnBkZtIXCxgZV05TLmRhdGFPEQFoAAAAAAFoAAIAAAVDSFJJUwAAAAAAAAAAAAAAAAAAAAAAAAAAAADNpKTtSCsAAABczAENc21pdGgyMDEzLnBkZgAAAAAAAAAAAAAAAAAAAAAAAAAAAAAAAAAAAAAAAAAAAAAAAAAAAAAAAAAAAAAAAAAAAK3aV87Iu64AAAAAAAAAAAAEAAQAAAkAAAAAAAAAAAAAAAAAAAAABXNtaXRoAAAQAAgAAM2lB10AAAARAAgAAM7JLC4AAAABAAwAXMwBAAb8TAAAAHcAAgAqQ0hSSVM6RG9jdW1lbnRzOgBsaXQ6AHNtaXRoOgBzbWl0aDIwMTMucGRmAA4AHAANAHMAbQBpAHQAaAAyADAAMQAzAC4AcABkAGYADwAMAAUAQwBIAFIASQBTABIAIi9Eb2N1bWVudHMvbGl0L3NtaXRoL3NtaXRoMjAxMy5wZGYAEwAOL1ZvbHVtZXMvQ0hSSVMAFQACAA7//wAAgAbSGxwdHlokY2xhc3NuYW1lWCRjbGFzc2VzXU5TTXV0YWJsZURhdGGjHR8gVk5TRGF0YVhOU09iamVjdNIbHCIjXE5TRGljdGlvbmFyeaIiIF8QD05TS2V5ZWRBcmNoaXZlctEmJ1Ryb290gAEACAARABoAIwAtADIANwBAAEYATQBVAGAAZwBqAGwAbgBxAHMAdQB3AIQAjgC+AMMAywI3AjkCPgJJAlICYAJkAmsCdAJ5AoYCiQKbAp4CowAAAAAAAAIBAAAAAAAAACgAAAAAAAAAAAAAAAAAAAKl}}

@article{Rooth92,
	Author = {Rooth, Mats},
	Journal = {Natural Language Semantics},
	Number = {1},
	Pages = {75--116},
	Title = {A Theory of Focus Interpretation},
	Volume = {1},
	Year = {1992},
	Bdsk-File-1 = {YnBsaXN0MDDUAQIDBAUGJCVYJHZlcnNpb25YJG9iamVjdHNZJGFyY2hpdmVyVCR0b3ASAAGGoKgHCBMUFRYaIVUkbnVsbNMJCgsMDxJXTlMua2V5c1pOUy5vYmplY3RzViRjbGFzc6INDoACgAOiEBGABIAFgAdccmVsYXRpdmVQYXRoWWFsaWFzRGF0YV8QLS4uLy4uLy4uLy4uL0RvY3VtZW50cy9saXQvcm9vdGgvcm9vdGgxOTkyLnBkZtIXCxgZV05TLmRhdGFPEQFoAAAAAAFoAAIAAAVDSFJJUwAAAAAAAAAAAAAAAAAAAAAAAAAAAADNpKTtSCsAAABcy7cNcm9vdGgxOTkyLnBkZgAAAAAAAAAAAAAAAAAAAAAAAAAAAAAAAAAAAAAAAAAAAAAAAAAAAAAAAAAAAAAAAAAAAF0HJMXiiGUAAAAAAAAAAAAEAAQAAAkAAAAAAAAAAAAAAAAAAAAABXJvb3RoAAAQAAgAAM2lB10AAAARAAgAAMXi6tUAAAABAAwAXMu3AAb8TAAAAHcAAgAqQ0hSSVM6RG9jdW1lbnRzOgBsaXQ6AHJvb3RoOgByb290aDE5OTIucGRmAA4AHAANAHIAbwBvAHQAaAAxADkAOQAyAC4AcABkAGYADwAMAAUAQwBIAFIASQBTABIAIi9Eb2N1bWVudHMvbGl0L3Jvb3RoL3Jvb3RoMTk5Mi5wZGYAEwAOL1ZvbHVtZXMvQ0hSSVMAFQACAA7//wAAgAbSGxwdHlokY2xhc3NuYW1lWCRjbGFzc2VzXU5TTXV0YWJsZURhdGGjHR8gVk5TRGF0YVhOU09iamVjdNIbHCIjXE5TRGljdGlvbmFyeaIiIF8QD05TS2V5ZWRBcmNoaXZlctEmJ1Ryb290gAEACAARABoAIwAtADIANwBAAEYATQBVAGAAZwBqAGwAbgBxAHMAdQB3AIQAjgC+AMMAywI3AjkCPgJJAlICYAJkAmsCdAJ5AoYCiQKbAp4CowAAAAAAAAIBAAAAAAAAACgAAAAAAAAAAAAAAAAAAAKl},
	Bdsk-File-2 = {YnBsaXN0MDDUAQIDBAUGJCVYJHZlcnNpb25YJG9iamVjdHNZJGFyY2hpdmVyVCR0b3ASAAGGoKgHCBMUFRYaIVUkbnVsbNMJCgsMDxJXTlMua2V5c1pOUy5vYmplY3RzViRjbGFzc6INDoACgAOiEBGABIAFgAdccmVsYXRpdmVQYXRoWWFsaWFzRGF0YV8QLi4uLy4uLy4uLy4uL0RvY3VtZW50cy9saXQvcm9vdGgvcm9vdGgxOTkyYi5wZGbSFwsYGVdOUy5kYXRhTxEBbgAAAAABbgACAAAFQ0hSSVMAAAAAAAAAAAAAAAAAAAAAAAAAAAAAzaSk7UgrAAAAXMu3DnJvb3RoMTk5MmIucGRmAAAAAAAAAAAAAAAAAAAAAAAAAAAAAAAAAAAAAAAAAAAAAAAAAAAAAAAAAAAAAAAAAADNOs3PdppdAAAAAAAAAAAABAAEAAAJAAAAAAAAAAAAAAAAAAAAAAVyb290aAAAEAAIAADNpQddAAAAEQAIAADPdvzNAAAAAQAMAFzLtwAG/EwAAAB3AAIAK0NIUklTOkRvY3VtZW50czoAbGl0OgByb290aDoAcm9vdGgxOTkyYi5wZGYAAA4AHgAOAHIAbwBvAHQAaAAxADkAOQAyAGIALgBwAGQAZgAPAAwABQBDAEgAUgBJAFMAEgAjL0RvY3VtZW50cy9saXQvcm9vdGgvcm9vdGgxOTkyYi5wZGYAABMADi9Wb2x1bWVzL0NIUklTABUAAgAO//8AAIAG0hscHR5aJGNsYXNzbmFtZVgkY2xhc3Nlc11OU011dGFibGVEYXRhox0fIFZOU0RhdGFYTlNPYmplY3TSGxwiI1xOU0RpY3Rpb25hcnmiIiBfEA9OU0tleWVkQXJjaGl2ZXLRJidUcm9vdIABAAgAEQAaACMALQAyADcAQABGAE0AVQBgAGcAagBsAG4AcQBzAHUAdwCEAI4AvwDEAMwCPgJAAkUCUAJZAmcCawJyAnsCgAKNApACogKlAqoAAAAAAAACAQAAAAAAAAAoAAAAAAAAAAAAAAAAAAACrA==}}

@inproceedings{Spector:2007,
	Author = {Spector, Benjamin},
	Crossref = {Sauerland:Stateva:2007},
	Date-Added = {2012-04-08 01:30:24 +0000},
	Date-Modified = {2012-04-08 18:21:51 +0000},
	Pages = {243--281},
	Title = {Aspects of the Pragmatics of Plural Morphology}}

@article{SchulzVanRooij06,
	Author = {Schulz, Katrin and Robert van Rooij},
	Journal = {Linguistics and Philosophy},
	Number = {2},
	Pages = {205--250},
	Title = {Pragmatic Meaning and Non-Monotonic Reasoning: {T}he Case of Exhaustive Interpretation.},
	Volume = {29},
	Year = {2006},
	Bdsk-File-1 = {YnBsaXN0MDDUAQIDBAUGJCVYJHZlcnNpb25YJG9iamVjdHNZJGFyY2hpdmVyVCR0b3ASAAGGoKgHCBMUFRYaIVUkbnVsbNMJCgsMDxJXTlMua2V5c1pOUy5vYmplY3RzViRjbGFzc6INDoACgAOiEBGABIAFgAdccmVsYXRpdmVQYXRoWWFsaWFzRGF0YV8QLy4uLy4uLy4uLy4uL0RvY3VtZW50cy9saXQvc2NodWx6L3NjaHVsejIwMDYucGRm0hcLGBlXTlMuZGF0YU8RAW4AAAAAAW4AAgAABUNIUklTAAAAAAAAAAAAAAAAAAAAAAAAAAAAAM2kpO1IKwAAAM1F+A5zY2h1bHoyMDA2LnBkZgAAAAAAAAAAAAAAAAAAAAAAAAAAAAAAAAAAAAAAAAAAAAAAAAAAAAAAAAAAAAAAAAAAXQlHv1QgGFBERiBDQVJPAAQABAAACQAAAAAAAAAAAAAAAAAAAAAGc2NodWx6ABAACAAAzaUHXQAAABEACAAAv1SCiAAAAAEADADNRfgABvxMAAAAdwACACxDSFJJUzpEb2N1bWVudHM6AGxpdDoAc2NodWx6OgBzY2h1bHoyMDA2LnBkZgAOAB4ADgBzAGMAaAB1AGwAegAyADAAMAA2AC4AcABkAGYADwAMAAUAQwBIAFIASQBTABIAJC9Eb2N1bWVudHMvbGl0L3NjaHVsei9zY2h1bHoyMDA2LnBkZgATAA4vVm9sdW1lcy9DSFJJUwAVAAIADv//AACABtIbHB0eWiRjbGFzc25hbWVYJGNsYXNzZXNdTlNNdXRhYmxlRGF0YaMdHyBWTlNEYXRhWE5TT2JqZWN00hscIiNcTlNEaWN0aW9uYXJ5oiIgXxAPTlNLZXllZEFyY2hpdmVy0SYnVHJvb3SAAQAIABEAGgAjAC0AMgA3AEAARgBNAFUAYABnAGoAbABuAHEAcwB1AHcAhACOAMAAxQDNAj8CQQJGAlECWgJoAmwCcwJ8AoECjgKRAqMCpgKrAAAAAAAAAgEAAAAAAAAAKAAAAAAAAAAAAAAAAAAAAq0=}}

@phdthesis{Rooth85,
	Annote = {June 3, 2001},
	Author = {Mats Rooth},
	School = {UMass Amherst},
	Address = {Amherst, MA},
	Title = {Association with Focus},
	Year = {1985}}

@article{Magri:2009,
	Author = {Magri, Giorgio},
	Date-Added = {2012-12-20 19:44:17 +0000},
	Date-Modified = {2012-12-20 19:45:03 +0000},
	DoiHIDE = {10.1007/s11050-009-9042-x},
	Journal = {Natural Language Semantics},
	Keywords = {Individual level predicates; Bare plurals; Scalar implicatures},
	Number = {3},
	Pages = {245-297},
	Title = {A Theory of Individual-Level Predicates Based on Blind Mandatory Scalar Implicatures},
	Volume = {17},
	Year = {2009},
	Bdsk-File-1 = {YnBsaXN0MDDUAQIDBAUGJCVYJHZlcnNpb25YJG9iamVjdHNZJGFyY2hpdmVyVCR0b3ASAAGGoKgHCBMUFRYaIVUkbnVsbNMJCgsMDxJXTlMua2V5c1pOUy5vYmplY3RzViRjbGFzc6INDoACgAOiEBGABIAFgAdccmVsYXRpdmVQYXRoWWFsaWFzRGF0YV8QLS4uLy4uLy4uLy4uL0RvY3VtZW50cy9saXQvbWFncmkvbWFncmkyMDA5LnBkZtIXCxgZV05TLmRhdGFPEQFoAAAAAAFoAAIAAAVDSFJJUwAAAAAAAAAAAAAAAAAAAAAAAAAAAADNpKTtSCsAAABcyvUNbWFncmkyMDA5LnBkZgAAAAAAAAAAAAAAAAAAAAAAAAAAAAAAAAAAAAAAAAAAAAAAAAAAAAAAAAAAAAAAAAAAAF0CRsz4qncAAAAAAAAAAAAEAAQAAAkAAAAAAAAAAAAAAAAAAAAABW1hZ3JpAAAQAAgAAM2lB10AAAARAAgAAMz5GvcAAAABAAwAXMr1AAb8TAAAAHcAAgAqQ0hSSVM6RG9jdW1lbnRzOgBsaXQ6AG1hZ3JpOgBtYWdyaTIwMDkucGRmAA4AHAANAG0AYQBnAHIAaQAyADAAMAA5AC4AcABkAGYADwAMAAUAQwBIAFIASQBTABIAIi9Eb2N1bWVudHMvbGl0L21hZ3JpL21hZ3JpMjAwOS5wZGYAEwAOL1ZvbHVtZXMvQ0hSSVMAFQACAA7//wAAgAbSGxwdHlokY2xhc3NuYW1lWCRjbGFzc2VzXU5TTXV0YWJsZURhdGGjHR8gVk5TRGF0YVhOU09iamVjdNIbHCIjXE5TRGljdGlvbmFyeaIiIF8QD05TS2V5ZWRBcmNoaXZlctEmJ1Ryb290gAEACAARABoAIwAtADIANwBAAEYATQBVAGAAZwBqAGwAbgBxAHMAdQB3AIQAjgC+AMMAywI3AjkCPgJJAlICYAJkAmsCdAJ5AoYCiQKbAp4CowAAAAAAAAIBAAAAAAAAACgAAAAAAAAAAAAAAAAAAAKl}}

@phdthesis{Hirschberg85,
	Author = {Hirschberg, Julia},
	Date-Added = {2011-04-14 08:51:22 -0700},
	Date-Modified = {2011-04-14 08:53:37 -0700},
	School = {University of Pennsylvania},
	Address = {Philadelphia},
	Title = {A Theory of Scalar Implicature},
	Year = {1985},
	Bdsk-File-1 = {YnBsaXN0MDDUAQIDBAUGJCVYJHZlcnNpb25YJG9iamVjdHNZJGFyY2hpdmVyVCR0b3ASAAGGoKgHCBMUFRYaIVUkbnVsbNMJCgsMDxJXTlMua2V5c1pOUy5vYmplY3RzViRjbGFzc6INDoACgAOiEBGABIAFgAdccmVsYXRpdmVQYXRoWWFsaWFzRGF0YV8QNy4uLy4uLy4uLy4uL0RvY3VtZW50cy9saXQvaGlyc2NoYmVyZy9oaXJzY2hiZXJnMTk4NS5wZGbSFwsYGVdOUy5kYXRhTxEBigAAAAABigACAAAFQ0hSSVMAAAAAAAAAAAAAAAAAAAAAAAAAAAAAzaSk7UgrAAAAXMpcEmhpcnNjaGJlcmcxOTg1LnBkZgAAAAAAAAAAAAAAAAAAAAAAAAAAAAAAAAAAAAAAAAAAAAAAAAAAAAAAAAAAAABc+77KIMSGUERGIENBUk8ABAAEAAAJAAAAAAAAAAAAAAAAAAAAAApoaXJzY2hiZXJnABAACAAAzaUHXQAAABEACAAAyiEm9gAAAAEADABcylwABvxMAAAAdwACADRDSFJJUzpEb2N1bWVudHM6AGxpdDoAaGlyc2NoYmVyZzoAaGlyc2NoYmVyZzE5ODUucGRmAA4AJgASAGgAaQByAHMAYwBoAGIAZQByAGcAMQA5ADgANQAuAHAAZABmAA8ADAAFAEMASABSAEkAUwASACwvRG9jdW1lbnRzL2xpdC9oaXJzY2hiZXJnL2hpcnNjaGJlcmcxOTg1LnBkZgATAA4vVm9sdW1lcy9DSFJJUwAVAAIADv//AACABtIbHB0eWiRjbGFzc25hbWVYJGNsYXNzZXNdTlNNdXRhYmxlRGF0YaMdHyBWTlNEYXRhWE5TT2JqZWN00hscIiNcTlNEaWN0aW9uYXJ5oiIgXxAPTlNLZXllZEFyY2hpdmVy0SYnVHJvb3SAAQAIABEAGgAjAC0AMgA3AEAARgBNAFUAYABnAGoAbABuAHEAcwB1AHcAhACOAMgAzQDVAmMCZQJqAnUCfgKMApAClwKgAqUCsgK1AscCygLPAAAAAAAAAgEAAAAAAAAAKAAAAAAAAAAAAAAAAAAAAtE=}}

@incollection{ChierchiaFoxSpector08,
	Author = {Chierchia, Gennaro and Fox, Danny and Spector, Benjamin},
	Crossref = {Maienborn:vonHeusinger:Portner:2012},
	Date-Added = {2009-10-13 10:32:05 -0700},
	Date-Modified = {2013-01-06 02:13:36 +0000},
	Pages = {2297--2332},
	Title = {The Grammatical View of Scalar Implicatures and the Relationship between Semantics and Pragmatics},
	Bdsk-File-1 = {YnBsaXN0MDDUAQIDBAUGJCVYJHZlcnNpb25YJG9iamVjdHNZJGFyY2hpdmVyVCR0b3ASAAGGoKgHCBMUFRYaIVUkbnVsbNMJCgsMDxJXTlMua2V5c1pOUy5vYmplY3RzViRjbGFzc6INDoACgAOiEBGABIAFgAdccmVsYXRpdmVQYXRoWWFsaWFzRGF0YV8QNS4uLy4uLy4uLy4uL0RvY3VtZW50cy9saXQvY2hpZXJjaGlhL2NoaWVyY2hpYTIwMTIucGRm0hcLGBlXTlMuZGF0YU8RAYQAAAAAAYQAAgAABUNIUklTAAAAAAAAAAAAAAAAAAAAAAAAAAAAAM2kpO1IKwAAAFzJcBFjaGllcmNoaWEyMDEyLnBkZgAAAAAAAAAAAAAAAAAAAAAAAAAAAAAAAAAAAAAAAAAAAAAAAAAAAAAAAAAAAAAAXPgcxvPNKwAAAAAAAAAAAAQABAAACQAAAAAAAAAAAAAAAAAAAAAJY2hpZXJjaGlhAAAQAAgAAM2lB10AAAARAAgAAMb0L5sAAAABAAwAXMlwAAb8TAAAAHcAAgAyQ0hSSVM6RG9jdW1lbnRzOgBsaXQ6AGNoaWVyY2hpYToAY2hpZXJjaGlhMjAxMi5wZGYADgAkABEAYwBoAGkAZQByAGMAaABpAGEAMgAwADEAMgAuAHAAZABmAA8ADAAFAEMASABSAEkAUwASACovRG9jdW1lbnRzL2xpdC9jaGllcmNoaWEvY2hpZXJjaGlhMjAxMi5wZGYAEwAOL1ZvbHVtZXMvQ0hSSVMAFQACAA7//wAAgAbSGxwdHlokY2xhc3NuYW1lWCRjbGFzc2VzXU5TTXV0YWJsZURhdGGjHR8gVk5TRGF0YVhOU09iamVjdNIbHCIjXE5TRGljdGlvbmFyeaIiIF8QD05TS2V5ZWRBcmNoaXZlctEmJ1Ryb290gAEACAARABoAIwAtADIANwBAAEYATQBVAGAAZwBqAGwAbgBxAHMAdQB3AIQAjgDGAMsA0wJbAl0CYgJtAnYChAKIAo8CmAKdAqoCrQK/AsICxwAAAAAAAAIBAAAAAAAAACgAAAAAAAAAAAAAAAAAAALJ},
	Bdsk-File-2 = {YnBsaXN0MDDUAQIDBAUGJCVYJHZlcnNpb25YJG9iamVjdHNZJGFyY2hpdmVyVCR0b3ASAAGGoKgHCBMUFRYaIVUkbnVsbNMJCgsMDxJXTlMua2V5c1pOUy5vYmplY3RzViRjbGFzc6INDoACgAOiEBGABIAFgAdccmVsYXRpdmVQYXRoWWFsaWFzRGF0YV8QNi4uLy4uLy4uLy4uL0RvY3VtZW50cy9saXQvY2hpZXJjaGlhL2NoaWVyY2hpYTIwMTJhLnBkZtIXCxgZV05TLmRhdGFPEQGKAAAAAAGKAAIAAAVDSFJJUwAAAAAAAAAAAAAAAAAAAAAAAAAAAADNpKTtSCsAAABcyXASY2hpZXJjaGlhMjAxMmEucGRmAAAAAAAAAAAAAAAAAAAAAAAAAAAAAAAAAAAAAAAAAAAAAAAAAAAAAAAAAAAAAMU40c9M1xoAAAAAAAAAAAAEAAQAAAkAAAAAAAAAAAAAAAAAAAAACWNoaWVyY2hpYQAAEAAIAADNpQddAAAAEQAIAADPTTmKAAAAAQAMAFzJcAAG/EwAAAB3AAIAM0NIUklTOkRvY3VtZW50czoAbGl0OgBjaGllcmNoaWE6AGNoaWVyY2hpYTIwMTJhLnBkZgAADgAmABIAYwBoAGkAZQByAGMAaABpAGEAMgAwADEAMgBhAC4AcABkAGYADwAMAAUAQwBIAFIASQBTABIAKy9Eb2N1bWVudHMvbGl0L2NoaWVyY2hpYS9jaGllcmNoaWEyMDEyYS5wZGYAABMADi9Wb2x1bWVzL0NIUklTABUAAgAO//8AAIAG0hscHR5aJGNsYXNzbmFtZVgkY2xhc3Nlc11OU011dGFibGVEYXRhox0fIFZOU0RhdGFYTlNPYmplY3TSGxwiI1xOU0RpY3Rpb25hcnmiIiBfEA9OU0tleWVkQXJjaGl2ZXLRJidUcm9vdIABAAgAEQAaACMALQAyADcAQABGAE0AVQBgAGcAagBsAG4AcQBzAHUAdwCEAI4AxwDMANQCYgJkAmkCdAJ9AosCjwKWAp8CpAKxArQCxgLJAs4AAAAAAAACAQAAAAAAAAAoAAAAAAAAAAAAAAAAAAAC0A==}}

@article{Sauerland04,
	Author = {Sauerland, Uli},
	Journal = {Linguistics and Philosophy},
	Number = {3},
	Pages = {367--391},
	Title = {Scalar Implicatures in Complex Sentences},
	Volume = {27},
	Year = {2004}}

@inproceedings{Sauerland01,
	Address = {Ithaca, NY},
	Author = {Sauerland, Uli},
	Booktitle = {{P}roceedings of {S}emantics and {L}inguistic {T}heory 11},
	Date-Modified = {2012-04-08 20:03:32 +0000},
	Editor = {Hastings, Rachel and Jackson , Brendan and Zvolenszky, Zsofia},
	Pages = {388--403},
	Publisher = {Cornell Linguistics Circle},
	Title = {On the Computation of Conversational Implicatures},
	Year = {2001},
	Bdsk-File-1 = {YnBsaXN0MDDUAQIDBAUGJCVYJHZlcnNpb25YJG9iamVjdHNZJGFyY2hpdmVyVCR0b3ASAAGGoKgHCBMUFRYaIVUkbnVsbNMJCgsMDxJXTlMua2V5c1pOUy5vYmplY3RzViRjbGFzc6INDoACgAOiEBGABIAFgAdccmVsYXRpdmVQYXRoWWFsaWFzRGF0YV8QNS4uLy4uLy4uLy4uL0RvY3VtZW50cy9saXQvc2F1ZXJsYW5kL3NhdWVybGFuZDIwMDEucGRm0hcLGBlXTlMuZGF0YU8RAYQAAAAAAYQAAgAABUNIUklTAAAAAAAAAAAAAAAAAAAAAAAAAAAAAM2kpO1IKwAAAFzL0hFzYXVlcmxhbmQyMDAxLnBkZgAAAAAAAAAAAAAAAAAAAAAAAAAAAAAAAAAAAAAAAAAAAAAAAAAAAAAAAAAAAAAAXQd+y6c9FgAAAAAAAAAAAAQABAAACQAAAAAAAAAAAAAAAAAAAAAJc2F1ZXJsYW5kAAAQAAgAAM2lB10AAAARAAgAAMunn4YAAAABAAwAXMvSAAb8TAAAAHcAAgAyQ0hSSVM6RG9jdW1lbnRzOgBsaXQ6AHNhdWVybGFuZDoAc2F1ZXJsYW5kMjAwMS5wZGYADgAkABEAcwBhAHUAZQByAGwAYQBuAGQAMgAwADAAMQAuAHAAZABmAA8ADAAFAEMASABSAEkAUwASACovRG9jdW1lbnRzL2xpdC9zYXVlcmxhbmQvc2F1ZXJsYW5kMjAwMS5wZGYAEwAOL1ZvbHVtZXMvQ0hSSVMAFQACAA7//wAAgAbSGxwdHlokY2xhc3NuYW1lWCRjbGFzc2VzXU5TTXV0YWJsZURhdGGjHR8gVk5TRGF0YVhOU09iamVjdNIbHCIjXE5TRGljdGlvbmFyeaIiIF8QD05TS2V5ZWRBcmNoaXZlctEmJ1Ryb290gAEACAARABoAIwAtADIANwBAAEYATQBVAGAAZwBqAGwAbgBxAHMAdQB3AIQAjgDGAMsA0wJbAl0CYgJtAnYChAKIAo8CmAKdAqoCrQK/AsICxwAAAAAAAAIBAAAAAAAAACgAAAAAAAAAAAAAAAAAAALJ}}

@article{Geurts09,
	Author = {Geurts, Bart},
	Date-Added = {2009-10-13 14:14:37 -0700},
	Date-Modified = {2009-10-13 14:15:09 -0700},
	Journal = {Mind and Language},
	Number = {1},
	Pages = {51--79},
	Title = {Scalar Implicatures and Local Pragmatics},
	Volume = {24},
	Year = {2009},
	Bdsk-File-1 = {YnBsaXN0MDDUAQIDBAUGJCVYJHZlcnNpb25YJG9iamVjdHNZJGFyY2hpdmVyVCR0b3ASAAGGoKgHCBMUFRYaIVUkbnVsbNMJCgsMDxJXTlMua2V5c1pOUy5vYmplY3RzViRjbGFzc6INDoACgAOiEBGABIAFgAdccmVsYXRpdmVQYXRoWWFsaWFzRGF0YV8QLy4uLy4uLy4uLy4uL0RvY3VtZW50cy9saXQvZ2V1cnRzL2dldXJ0czIwMDkucGRm0hcLGBlXTlMuZGF0YU8RAW4AAAAAAW4AAgAABUNIUklTAAAAAAAAAAAAAAAAAAAAAAAAAAAAAM2kpO1IKwAAAFzKAQ5nZXVydHMyMDA5LnBkZgAAAAAAAAAAAAAAAAAAAAAAAAAAAAAAAAAAAAAAAAAAAAAAAAAAAAAAAAAAAAAAAAAAXPrLxvPNVgAAAAAAAAAAAAQABAAACQAAAAAAAAAAAAAAAAAAAAAGZ2V1cnRzABAACAAAzaUHXQAAABEACAAAxvQvxgAAAAEADABcygEABvxMAAAAdwACACxDSFJJUzpEb2N1bWVudHM6AGxpdDoAZ2V1cnRzOgBnZXVydHMyMDA5LnBkZgAOAB4ADgBnAGUAdQByAHQAcwAyADAAMAA5AC4AcABkAGYADwAMAAUAQwBIAFIASQBTABIAJC9Eb2N1bWVudHMvbGl0L2dldXJ0cy9nZXVydHMyMDA5LnBkZgATAA4vVm9sdW1lcy9DSFJJUwAVAAIADv//AACABtIbHB0eWiRjbGFzc25hbWVYJGNsYXNzZXNdTlNNdXRhYmxlRGF0YaMdHyBWTlNEYXRhWE5TT2JqZWN00hscIiNcTlNEaWN0aW9uYXJ5oiIgXxAPTlNLZXllZEFyY2hpdmVy0SYnVHJvb3SAAQAIABEAGgAjAC0AMgA3AEAARgBNAFUAYABnAGoAbABuAHEAcwB1AHcAhACOAMAAxQDNAj8CQQJGAlECWgJoAmwCcwJ8AoECjgKRAqMCpgKrAAAAAAAAAgEAAAAAAAAAKAAAAAAAAAAAAAAAAAAAAq0=}}

@unpublished{Bergen:Levy:Goodman:2014,
	Author = {Bergen, Leon and Levy, Roger and Goodman, Noah D.},
	Date-Added = {2014-06-08 22:43:01 +0000},
	Date-Modified = {2014-06-08 22:43:45 +0000},
	Month = {May},
	Note = {Ms., MIT, UCSD, and Stanford},
	Title = {Pragmatic Reasoning through Semantic Inference},
	Year = {2014},
	Bdsk-File-1 = {YnBsaXN0MDDUAQIDBAUGJCVYJHZlcnNpb25YJG9iamVjdHNZJGFyY2hpdmVyVCR0b3ASAAGGoKgHCBMUFRYaIVUkbnVsbNMJCgsMDxJXTlMua2V5c1pOUy5vYmplY3RzViRjbGFzc6INDoACgAOiEBGABIAFgAdccmVsYXRpdmVQYXRoWWFsaWFzRGF0YV8QMC4uLy4uLy4uLy4uL0RvY3VtZW50cy9saXQvYmVyZ2VuL2JlcmdlbjIwMTRiLnBkZtIXCxgZV05TLmRhdGFPEQF0AAAAAAF0AAIAAAVDSFJJUwAAAAAAAAAAAAAAAAAAAAAAAAAAAADNpKTtSCsAAABcySwPYmVyZ2VuMjAxNGIucGRmAAAAAAAAAAAAAAAAAAAAAAAAAAAAAAAAAAAAAAAAAAAAAAAAAAAAAAAAAAAAAAAAAOBPmc+7ek4AAAAAAAAAAAAEAAQAAAkAAAAAAAAAAAAAAAAAAAAABmJlcmdlbgAQAAgAAM2lB10AAAARAAgAAM+73L4AAAABAAwAXMksAAb8TAAAAHcAAgAtQ0hSSVM6RG9jdW1lbnRzOgBsaXQ6AGJlcmdlbjoAYmVyZ2VuMjAxNGIucGRmAAAOACAADwBiAGUAcgBnAGUAbgAyADAAMQA0AGIALgBwAGQAZgAPAAwABQBDAEgAUgBJAFMAEgAlL0RvY3VtZW50cy9saXQvYmVyZ2VuL2JlcmdlbjIwMTRiLnBkZgAAEwAOL1ZvbHVtZXMvQ0hSSVMAFQACAA7//wAAgAbSGxwdHlokY2xhc3NuYW1lWCRjbGFzc2VzXU5TTXV0YWJsZURhdGGjHR8gVk5TRGF0YVhOU09iamVjdNIbHCIjXE5TRGljdGlvbmFyeaIiIF8QD05TS2V5ZWRBcmNoaXZlctEmJ1Ryb290gAEACAARABoAIwAtADIANwBAAEYATQBVAGAAZwBqAGwAbgBxAHMAdQB3AIQAjgDBAMYAzgJGAkgCTQJYAmECbwJzAnoCgwKIApUCmAKqAq0CsgAAAAAAAAIBAAAAAAAAACgAAAAAAAAAAAAAAAAAAAK0}}

@book{Maienborn:vonHeusinger:Portner:2012,
	Address = {Berlin},
	Booktitle = {Semantics: An International Handbook of Natural Language Meaning},
	Date-Added = {2012-08-18 00:04:20 +0000},
	Date-Modified = {2012-08-18 00:04:34 +0000},
	Editor = {Maienborn, Claudia and von Heusinger, Klaus and Portner, Paul},
	Publisher = {Mouton de Gruyter},
	Title = {Semantics: An International Handbook of Natural Language Meaning},
	Volume = {3},
	Year = {2012}}

@book{Lappin96,
	Address = {Oxford},
	Booktitle = {The Handbook of Contemporary Semantic Theory},
	Date-Modified = {2012-09-27 22:54:13 +0000},
	Editor = {Lappin, Shalom},
	Publisher = {Blackwell Publishers},
	Title = {The Handbook of Contemporary Semantic Theory},
	Year = {1996}}

@book{Sauerland:Stateva:2007,
	Address = {Houndmills, Basingstoke, Hampshire},
	Booktitle = {Presupposition and Implicature in Compositional Semantics},
	Date-Added = {2012-04-08 18:20:02 +0000},
	Date-Modified = {2013-06-08 23:07:18 +0000},
	Editor = {Sauerland, Uli and Stateva, Penka},
	Publisher = {Palgrave Macmillan},
	Title = {Presupposition and Implicature in Compositional Semantics},
	Year = {2007}}

@book{Oh79,
	Address = {New York},
	Editor = {Oh, Choon-Kyu and Dinneen, David A.},
	Publisher = {Academic Press},
	Title = {Syntax and Semantics},
	Volume = {11: Presupposition},
	Year = {1979}}

@book{Aloni:Dekker:Butler:2007,
	Address = {Amsterdam},
	Booktitle = {Questions in Dynamic Semantics},
	Editor = {Aloni, Maria and Dekker, Paul and Butler, Alastair},
	Publisher = {Elsevier},
	Title = {Questions in Dynamic Semantics},
	Year = {2007}}

@book{HornWard04,
	Address = {Oxford},
	Editor = {Horn, Laurence R. and Ward, Gregory},
	Publisher = {Blackwell},
	Title = {Handbook of Pragmatics},
	Year = {2004}}

@book{BirnerWard06,
	Address = {Amsterdam},
	Editor = {Betty Birner and Gregory Ward},
	Publisher = {John Benjamins},
	Title = {Drawing the Boundaries of Meaning: {N}eo-Gricean Studies in Pragmatics and Semantics in Honor of {L}aurence {R.~H}orn},
	Year = {2006}}

@incollection{reed:1991-interpreting,
	Address = {Hillsdale, NJ},
	Author = {Reed, Ann M.},
	Booktitle = {Bridges between Psychology and Linguistics: A {S}warthmore Festschrift for {L}ila {G}leitman},
	Editor = {Napoli, Donna Jo and Kegl, Judy Anne},
	Pages = {207--223},
	Publisher = {Erlbaum},
	Title = {On Interpreting Partitives},
	Year = {1991}}

@article{degen:inpress-SP,
	Author = {Judith Degen},
	Journal = {Semantics and Pragmatics},
	Title = {Investigating the distribution of \emph{some} (but not \emph{all}) implicatures using corpora and {W}eb-based methods},
	Year = {In press}}

@inproceedings{lassiter-goodman:2013SALT,
	Author = {Daniel Lassiter and Noah D. Goodman},
	Booktitle = {Proceedings of Semantics and Linguistic Theory 23},
	Editor = {Snider, Todd},
	Pages = {587--610},
	Title = {Context, Scale Structure, and Statistics in the interpretation of Positive-Form Adjectives},
	Publisher =  {CLC Publications},
	Address = {Ithaca, NY},
	Year = {2013}}

@article{lassitergoodman15,
	Author = {Daniel Lassiter and Noah D.\ Goodman},
	Journal = {Synthese},
	Title = {Adjectival vagueness in a {B}ayesian model of interpretation},
	Year = {2015}}

@book{Grice89,
	Address = {Cambridge, MA},
	Author = {Grice, H.~Paul},
	Publisher = {Harvard University Press},
	Title = {Studies in the Way of Words},
	Year = {1989}}
